% FRAMEWORKS

@article{parkes2015beyond,
  title={Beyond dominant resource fairness: Extensions, limitations, and indivisibilities},
  author={Parkes, David C and Procaccia, Ariel D and Shah, Nisarg},
  journal={ACM Transactions on Economics and Computation (TEAC)},
  volume={3},
  number={1},
  pages={3},
  year={2015},
  publisher={ACM}
}


@incollection{labetoulle1984preemptive,
  title={Preemptive scheduling of uniform machines subject to release dates},
  author={Labetoulle, Jacques and Lawler, Eugene L and Lenstra, Jan Karel and Kan, AHG Rinnooy},
  booktitle={Progress in combinatorial optimization},
  pages={245--261},
  year={1984},
  publisher={Elsevier}
}

@article{cobham1954priority,
  title={Priority assignment in waiting line problems},
  author={Cobham, Alan},
  journal={Journal of the Operations Research Society of America},
  volume={2},
  number={1},
  pages={70--76},
  year={1954},
  publisher={INFORMS}
}


@article{sun2018fair,
  title={Fair Allocation of Heterogeneous and Interchangeable Resources},
  author={Sun, Xiao and Le, Tan N and Chowdhury, Mosharaf and Liu, Zhenhua},
  journal={Performance evaluation review},
  year={2018}
}

@inproceedings{sitters2001two,
  title={Two NP-hardness results for preemptive minsum scheduling of unrelated parallel machines},
  author={Sitters, Ren{\'e}},
  booktitle={International Conference on Integer Programming and Combinatorial Optimization},
  pages={396--405},
  year={2001},
  organization={Springer}
}

@inproceedings{hoogeveen1998non,
  title={Non-approximability results for scheduling problems with minsum criteria},
  author={Hoogeveen, Han and Schuurman, Petra and Woeginger, Gerhard J},
  booktitle={International Conference on Integer Programming and Combinatorial Optimization},
  pages={353--366},
  year={1998},
  organization={Springer}
}
@inproceedings{afrati1999approximation,
  title={Approximation schemes for minimizing average weighted completion time with release dates},
  author={Afrati, Foto and Bampis, Evripidis and Chekuri, Chandra and Karger, David and Kenyon, Claire and Khanna, Sanjeev and Milis, Ioannis and Queyranne, Maurice and Skutella, Martin and Stein, Clifford and others},
  booktitle={Foundations of Computer Science, 1999. 40th Annual Symposium on},
  pages={32--43},
  year={1999},
  organization={IEEE}
}

@article{jouppi2017datacenter,
  title={In-datacenter performance analysis of a tensor processing unit},
  author={Jouppi, Norman P and Young, Cliff and Patil, Nishant and Patterson, David and Agrawal, Gaurav and Bajwa, Raminder and Bates, Sarah and Bhatia, Suresh and Boden, Nan and Borchers, Al and others},
  journal={arXiv preprint arXiv:1704.04760},
  year={2017}
}

@inproceedings{hoogeveen1998non,
  title={Non-approximability results for scheduling problems with minsum criteria},
  author={Hoogeveen, Han and Schuurman, Petra and Woeginger, Gerhard J},
  booktitle={International Conference on Integer Programming and Combinatorial Optimization},
  pages={353--366},
  year={1998},
  organization={Springer}
}

@article{johari2011parameterized,
  title={Parameterized supply function bidding: Equilibrium and efficiency},
  author={Johari, Ramesh and Tsitsiklis, John N},
  journal={Operations research},
  volume={59},
  number={5},
  pages={1079--1089},
  year={2011},
  publisher={INFORMS}
}

@article{drozdowski1996scheduling,
  title={Scheduling multiprocessor tasksâ€”an overview},
  author={Drozdowski, Maciej},
  journal={European Journal of Operational Research},
  volume={94},
  number={2},
  pages={215--230},
  year={1996},
  publisher={Citeseer}
}

@article{Bellenguez.ea:15:A-Note-on-NP-Hardness,
 ANNOTE = {$P | r_j;pmtn| \sum C_j$ is strongly NP-hard},
 AUTHOR = {Odile Bellenguez-Morineau and Marek Chrobak and Christoph D\"urr and Damien Prot},
 JOURNALTITLE = {Journal of Scheduling},
 NUMBER = {3},
 PAGES = {299--304},
 TITLE = {A Note on NP-Hardness of Preemptive Mean Flow-Time Scheduling for Parallel Machines},
 VOLUME = {18},
 YEAR = {2015}
}



@inproceedings{adolf2016fathom,
  title={Fathom: reference workloads for modern deep learning methods},
  author={Adolf, Robert and Rama, Saketh and Reagen, Brandon and Wei, Gu-Yeon and Brooks, David},
  booktitle={Workload Characterization (IISWC), 2016 IEEE International Symposium on},
  pages={1--10},
  year={2016},
  organization={IEEE}
}
@article{cho2014learning,
  title={Learning phrase representations using RNN encoder-decoder for statistical machine translation},
  author={Cho, Kyunghyun and Van Merri{\"e}nboer, Bart and Gulcehre, Caglar and Bahdanau, Dzmitry and Bougares, Fethi and Schwenk, Holger and Bengio, Yoshua},
  journal={arXiv preprint arXiv:1406.1078},
  year={2014}
}
@inproceedings{sukhbaatar2015end,
  title={End-to-end memory networks},
  author={Sukhbaatar, Sainbayar and Weston, Jason and Fergus, Rob and others},
  booktitle={Advances in neural information processing systems},
  pages={2440--2448},
  year={2015}
}
@inproceedings{amodei2016deep,
  title={Deep speech 2: End-to-end speech recognition in english and mandarin},
  author={Amodei, Dario and Ananthanarayanan, Sundaram and Anubhai, Rishita and Bai, Jingliang and Battenberg, Eric and Case, Carl and Casper, Jared and Catanzaro, Bryan and Cheng, Qiang and Chen, Guoliang and others},
  booktitle={International Conference on Machine Learning},
  pages={173--182},
  year={2016}
}
@inproceedings{pu2016variational,
  title={Variational autoencoder for deep learning of images, labels and captions},
  author={Pu, Yunchen and Gan, Zhe and Henao, Ricardo and Yuan, Xin and Li, Chunyuan and Stevens, Andrew and Carin, Lawrence},
  booktitle={Advances in Neural Information Processing Systems},
  pages={2352--2360},
  year={2016}
}
@InProceedings{He_2016_CVPR,
author = {He, Kaiming and Zhang, Xiangyu and Ren, Shaoqing and Sun, Jian},
title = {Deep Residual Learning for Image Recognition},
booktitle = {The IEEE Conference on Computer Vision and Pattern Recognition (CVPR)},
month = {June},
year = {2016}
}
@article{simonyan2014very,
  title={Very deep convolutional networks for large-scale image recognition},
  author={Simonyan, Karen and Zisserman, Andrew},
  journal={arXiv preprint arXiv:1409.1556},
  year={2014}
}
@inproceedings{krizhevsky2012imagenet,
  title={Imagenet classification with deep convolutional neural networks},
  author={Krizhevsky, Alex and Sutskever, Ilya and Hinton, Geoffrey E},
  booktitle={Advances in neural information processing systems},
  pages={1097--1105},
  year={2012}
}
@article{mnih2013playing,
  title={Playing atari with deep reinforcement learning},
  author={Mnih, Volodymyr and Kavukcuoglu, Koray and Silver, David and Graves, Alex and Antonoglou, Ioannis and Wierstra, Daan and Riedmiller, Martin},
  journal={arXiv preprint arXiv:1312.5602},
  year={2013}
}

@inproceedings{lottery,
  title={Lottery scheduling: Flexible proportional-share resource management},
  author={Waldspurger, Carl A and Weihl, William E},
  booktitle={OSDI},
  year={1994},
}

@article{MMAW1999, 
  author = {McKeown, Nick and Mekkittikul, Adisak and Anantharam, Venkat and Walrand, Jean}, 
  title = {Achieving 100\% Throughput in an Input-Queued Switch}, 
  journal = {IEEE Transactions on Communications}, 
  volume = {47}, 
  number = {8}, 
  pages = {1260 -- 1267},
  year = {1999}, 
}

@article{hochreiter1997long,
  title={Long short-term memory},
  author={Hochreiter, Sepp and Schmidhuber, J{\"u}rgen},
  journal={Neural computation},
  volume={9},
  number={8},
  pages={1735--1780},
  year={1997},
  publisher={MIT Press}
}

@inproceedings{szegedy2016rethinking,
  title={Rethinking the inception architecture for computer vision},
  author={Szegedy, Christian and Vanhoucke, Vincent and Ioffe, Sergey and Shlens, Jon and Wojna, Zbigniew},
  booktitle={Proceedings of the IEEE Conference on Computer Vision and Pattern Recognition},
  pages={2818--2826},
  year={2016}
}

@inproceedings{he2016deep,
  title={Deep residual learning for image recognition},
  author={He, Kaiming and Zhang, Xiangyu and Ren, Shaoqing and Sun, Jian},
  booktitle={Proceedings of the IEEE conference on computer vision and pattern recognition},
  pages={770--778},
  year={2016}
}

@article{SY1998, 
  author = {Sung, Chang Sup and Yoon, Sang Hum}, 
  title = {Minimizing Total Weighted Completion Time at a Pre-Assembly Stage
  Composed of Two Feeding Machines}, 
  journal = {International Journal of Production Economics}, 
  volume = {54},
  year = {1998},
  pages = {247 -- 255}
}

@inproceedings{speed,
  title={{SPEED}: Precise and efficient static estimation of program computational complexity},
  author={Gulwani, Sumit and Mehra, Krishna K and Chilimbi, Trishul},
  booktitle={POPL},
  year={2009},
}

@inproceedings{alexnet,
  title={One weird trick for parallelizing convolutional neural networks},
  author={Alex Krizhevsky},
  howpublished= "\url{https://arxiv.org/pdf/1404.5997.pdf}",
  year={2014},
}

@inproceedings{resnet,
  title={Deep Residual Learning for Image Recognition},
  author={Kaiming He, Xiangyu Zhang, Shaoqing Ren, Jian Sun},
  howpublished= "\url{https://arxiv.org/pdf/1512.03385.pdf}",
  year={2015},
}

@inproceedings{inceptionv3,
  title={Rethinking the Inception Architecture for Computer Vision},
  author={Christian Szegedy, Vincent Vanhoucke, Sergey Ioffe, Jonathon Shlens},
  howpublished= "\url{https://arxiv.org/pdf/1512.00567.pdf}",
  year={2015},
}

@inproceedings{tfbenchmarks,
  title={Benchmarking State-of-the-Art Deep Learning Software Tools},
  author={Shaohuai Shi, Qiang Wang, Pengfei Xu, Xiaowen Chu},
  howpublished= "\url{https://arxiv.org/pdf/1608.07249.pdf}",
  year={2017},
}

@misc{tf_example,
	title = "{TensorFlow Tutorial and Examples for beginnerst}",
	howpublished= "\url{https://github.com/aymericdamien/TensorFlow-Examples}"
}


@misc{minimaxir,
	title = "{Benchmarking TensorFlow on Cloud CPUs: Cheaper Deep Learning than Cloud GPUs}",
	howpublished= "\url{http://minimaxir.com/2017/07/cpu-or-gpu/}"
}

@misc{deep-learning-cpu-gpu-benchmark,
	title = "{deep-learning-cpu-gpu-benchmark}",
	howpublished= "\url{https://github.com/minimaxir/deep-learning-cpu-gpu-benchmark}"
}


@misc{keras-video-classifier,
	title = "{keras-video-classifier-web-api}",
	howpublished= "\url{https://github.com/chen0040/keras-video-classifier}"
}
@inproceedings{inception,
  title={Benchmarking tensorflow on different GPU options},
  author={Vincent Chu},
  howpublished= "\url{https://medium.com/initialized-capital/benchmarking-tensorflow-performance-and-cost-across-different-gpu-options-69bd85fe5d58}",
  year={2017},
}


@inproceedings{paratimer,
  title={{ParaTimer}: A progress indicator for {MapReduce} {DAGs}},
  author={Morton, Kristi and Balazinska, Magdalena and Grossman, Dan},
  booktitle={SIGMOD},
  year={2010},
}

@inproceedings{rope,
	title={Re-optimizing Data Parallel Computing},
	author={Sameer Agarwal and Srikanth Kandula and Nico Burno and Ming-Chuan Wu and Ion Stoica and Jingren Zhou},
	booktitle={NSDI},
	year=2012
}

@inproceedings{graphene,
	title={Graphene: Packing and Dependency-aware Scheduling for Data-Parallel Clusters},
	author={Robert Grandl and Srikanth Kandula and Sriram Rao and Aditya Akella and Janardhan Kulkarni},
	booktitle={OSDI},
	year=2016
}

@inproceedings{graphene-tr,
    title={Do the Hard Stuff First: Scheduling Dependent Computations in Data-Analytics Clusters},
    author={Robert Grandl and Srikanth Kandula and Sriram Rao and Aditya Akella and Janardhan Kulkarni},
    booktitle={MSR-TR-2016-19},
    year=2016
}

@inproceedings{mapreduce,
  author = {Dean, Jeffrey and Ghemawat, Sanjay},
  title = {{MapReduce}: Simplified Data Processing on Large Clusters},
  booktitle = {OSDI},
  year = {2004},
}

@article{mapreduce-cacm,
	author = {Dean, Jeffrey and Ghemawat, Sanjay},
	title = {{MapReduce}: Simplified Data Processing on Large Clusters},
	journal = {Communications of the ACM},
	volume = {51},
	number = {1},
	year = {2008},
	pages = {107--113},
}

@inproceedings{dryad,
  author = {Isard, Michael and Budiu, Mihai and Yu, Yuan and Birrell, Andrew and Fetterly, Dennis},
  title = {Dryad: Distributed Data-Parallel Programs from Sequential Building Blocks},
  booktitle = {EuroSys},
  year = 2007
}

@inproceedings{dryadlinq,
   author =	{Yuan Yu and Michael Isard and Dennis Fetterly and Mihai Budiu and {\'U}lfar Erlingsson and Pradeep Kumar Gunda and Jon Currey},
   title =	{{DryadLINQ}: A System for General-Purpose Distributed Data-Parallel Computing Using a High-Level Language},
   booktitle =	{OSDI},
   year =	{2008},
}

@inproceedings{dandelion,
  title={Dandelion: A compiler and runtime for heterogeneous systems},
  author={Rossbach, Christopher J and Yu, Yuan and Currey, Jon and Martin, Jean-Philippe and Fetterly, Dennis},
  booktitle={SOSP},
  year={2013},
}

@misc{dandelion-dag,
  title = "Self Interference Within a {DAG} Dataflow Hurts {Dandelion} Performance",
  howpublished= "Personal communication with Yuan Yu, May 5, 2014"
  
}

@misc{ganesh,
  title = "Sacrificing Performance and Efficiency for Performance Isolation",
  howpublished= "Private communication with a large big data cluster operator running O(10000) machines, May 4, 2016."
}

@misc{google-dataflow-cloud,
  title = "{{Google Dataflow Cloud}}",
  howpublished= "\url{https://cloud.google.com/dataflow}"
}

@misc{capacity,
  title = "{{Capacity Scheduler}}",
  howpublished= "\url{https://hadoop.apache.org/docs/r2.4.1/hadoop-yarn/hadoop-yarn-site/CapacityScheduler.html}"
}

@misc{amazon-emr,
    title = {{Amazon Elastic MapReduce}},
    howpublished = {\url{http://aws.amazon.com/elasticmapreduce/}},
}

@misc{ec2,
	title = "{{Amazon EC2}}",
	howpublished= "\url{http://aws.amazon.com/ec2}"
}

@misc{cloudlab,
	title = "{{Cloudlab}}",
	howpublished= "\url{http://www.cloudlab.us/}"
}

@misc{chameleon,
  title = "{{Chameleon}}",
  howpublished= "\url{https://www.chameleoncloud.org/}"
}

# http://goo.gl/Py2Ueo
@misc{ec2-scale,
  title = "{{AWS Innovation at Scale}}",
  howpublished= "\url{https://www.youtube.com/watch?v=JIQETrFC_SQ}"
}

@misc{diffserv-rfc2475,
  author="S. Blake and D. Black and M. Carlson and E. Davies and Z. Wang and W. Weiss",
  title="{An Architecture for Differentiated Services}",
  series="Request for Comments",
  number="2475",
  howpublished="RFC 2475 (Informational)",
  publisher="IETF",
  organization="Internet Engineering Task Force",
  year=1998,
  month=dec,
    note="Updated by RFC 3260",
  url="http://www.ietf.org/rfc/rfc2475.txt",
}


@inproceedings{systemml,
  title={{SystemML}: Declarative machine learning on MapReduce},
  author={Ghoting, Amol and Krishnamurthy, Rajasekar and Pednault, Edwin and Reinwald, Berthold and Sindhwani, Vikas and Tatikonda, Shirish and Tian, Yuanyuan and Vaithyanathan, Shivakumar},
  booktitle={ICDE},
  year={2011},
}

@inproceedings{mlbase,
  title={{MLbase}: A Distributed Machine-learning System},
  author={Kraska, Tim and Talwalkar, Ameet and Duchi, John C and Griffith, Rean and Franklin, Michael J and Jordan, Michael I},
  booktitle={CIDR},
  year={2013}
}

@article{mllib,
  author = {Xiangrui Meng and Joseph K. Bradley and Burak Yavuz and Evan R. Sparks and Shivaram Venkataraman and Davies Liu and Jeremy Freeman and D. B. Tsai and Manish Amde and Sean Owen and Doris Xin and Reynold Xin and Michael J. Franklin and Reza Zadeh and Matei Zaharia and Ameet Talwalkar},
  title     = {{MLlib}: Machine Learning in {Apache Spark}},
  journal   = {CoRR},
  volume    = {abs/1505.06807},
  year      = {2015},
  url       = {http://arxiv.org/abs/1505.06807},
}

@misc{cloudwatch,
  title = "{{Amazon CloudWatch}}",
  howpublished= "\url{http://aws.amazon.com/cloudwatch}"
}

@misc{azure,
  title = "{{Microsoft Azure}}",
  howpublished= "\url{http://azure.microsoft.com}"
}

@misc{google-compute,
  title = "{{Google Compute Engine}}",
  howpublished= "\url{https://cloud.google.com/compute}"
}

@misc{kubernetes,
  title = "{{Google Container Engine}}",
  howpublished= "\url{http://kubernetes.io}"
}

@misc{tpc-ds,
  title = "{TPC Benchmark DS (TPC-DS)}",
  howpublished= "\url{http://www.tpc.org/tpcds}"
}

@misc{tpc-h,
	title = "{TPC Benchmark H (TPC-H)}",
	howpublished= "\url{http://www.tpc.org/tpch}"
}

@misc{bbench,
	title = "{Big-Data-Benchmark-for-Big-Bench}",
	howpublished="\url{https://github.com/intel-hadoop/Big-Data-Benchmark-for-Big-Bench}"
}

@misc{coflow-github,
  title = "{Coflow on Github}",
  howpublished= "\url{https://github.com/coflow/}"
}

@misc{cewit,
  title = "{{the New York State Center of Excellence in Wireless and Information Technology}}",
  howpublished= "\url{http://www.cewit.org/}"
}

@misc{flux,
  title = "{{University of Michigan Advanced Research Computing Technology Services}}",
  howpublished= "\url{http://arc-ts.umich.edu/resources}"
}

@Misc{emulab,
  title =	 {Emulab: Network Emulation Testbed},
  howpublished = {\url{http://www.emulab.net/}},
}

@misc{ycsb,
  title = "{{Yahoo! Cloud Serving Benchmark}}",
  howpublished= "\url{https://github.com/brianfrankcooper/YCSB/wiki}"
}

@misc{coflow-benchmark,
  title = "{{Coflow Benchmark Based on Facebook Traces}}",
  howpublished= "\url{https://github.com/coflow/coflow-benchmark}"
}

@misc{google-traces,
  title = "{{Google Cluster Traces}}",
  howpublished= "\url{https://github.com/google/cluster-data}"
}

@inproceedings{swim,
  title={The case for evaluating mapreduce performance using workload suites},
  author={Chen, Yanpei and Ganapathi, Archana and Griffith, Rean and Katz, Randy},
  booktitle={MASCOTS},
  year={2011},
}

@inproceedings{impala,
  title={Impala: A modern, open-source {SQL} engine for {Hadoop}},
  author={Kornacker, Marcel and Behm, A and Bittorf, V and Bobrovytsky, T and Ching, C and Choi, A and Erickson, J and Grund, M and Hecht, D and Jacobs, M and  Ishaan Joshi and  Lenni Kuff and  Dileep Kumar and  Alex Leblang and Nong Li and Ippokratis Pandis and  Henry Robinson and David Rorke and  Silvius Rus and John Russell and  Dimitris Tsirogiannis and Skye Wanderman-Milne and Michael Yoder},
  booktitle={CIDR},
  year={2015}
}

@misc{cloudera-tpc-ds-code,
  title = "{TPC-DS} Kit for {Impala}",
  howpublished= "\url{https://github.com/cloudera/impala-tpcds-kit}"
}

# howpublished= "\url{http://goo.gl/sYWrkb}"
@misc{cloudera-tpc-ds-writeup,
  title = "Impala Performance Update: Now Reaching {DBMS}-Class Speed",
  howpublished= "\url{http://blog.cloudera.com/blog/2014/01/impala-performance-dbms-class-speed}"
}

@misc{shark-tpc-ds-dag,
  title = "Shark-Generated {DAGs} for {Cloudera} {TPC-DS} Kit",
  howpublished= "\url{http://www.eecs.berkeley.edu/~keo/traces}"
}

@misc{spark-sql,
  title = "{Spark SQL}",
  howpublished= "\url{https://spark.apache.org/sql}"
}

@misc{akka,
  title = {Akka},
  howpublished= "\url{http://akka.io}"
}

@misc{kryo,
  title = {Kryo Serialization Library},
  howpublished= "\url{https://github.com/EsotericSoftware/kryo}"
}

@misc{s3,
  title = "{{Amazon Simple Storage Service}}",
  howpublished= "\url{http://aws.amazon.com/s3}"
}

@misc{deterlab,
  title = "{{DETERlab}}",
  howpublished="\url{http://www.isi.deterlab.net}",
}

@misc{hadoop,
  title = "{{Apache Hadoop}}",
  howpublished= "\url{http://hadoop.apache.org}"
}

@inproceedings{flumejava,
  author = {Chambers, Craig and Raniwala, Ashish and Perry, Frances and Adams, Stephen and Henry, Robert R. and Bradshaw, Robert and Weizenbaum, Nathan},
  title = {{FlumeJava}: Easy, Efficient Data-Parallel Pipelines},
  booktitle = {PLDI},
  year = {2010},
}

@article{sawzall,
 author = {R. Pike and S. Dorward and R. Griesemer and S. Quinlan},
 title = {Interpreting the data: Parallel analysis with {Sawzall}},
 journal = {Scientific Programming},
 year = {2005},
 volume = {13},
 number = {4}
}

@inproceedings{pig,
 author = {Olston, Christopher and Reed, Benjamin and Srivastava, Utkarsh and Kumar, Ravi and Tomkins, Andrew},
 title = {{Pig Latin}: A not-so-foreign language for data processing},
 booktitle = {SIGMOD},
 year = {2008},
}

@misc{hod,
  title = "{{Hadoop On Demand}}",
  howpublished= "\url{http://hadoop.apache.org/core/docs/r0.17.2/hod.html}"
}
 
@misc{hive,
  title = "{{Apache Hive}}",
  howpublished="\url{http://hive.apache.org}"
}

@misc{presto,
  title = "{Presto: Distributed {SQL} Query Engine for Big Data}",
  howpublished="\url{https://prestodb.io/}"
}

@misc{tez,
  title = "{{Apache Tez}}",
  howpublished="\url{http://tez.apache.org}"
}

@inproceedings{map-reduce-merge,
	author = {Yang, Hung-chih and Dasdan, Ali and Hsiao, Ruey-Lung and Parker, D. Stott},
	title = {{Map-Reduce-Merge}: Simplified relational data processing on large clusters},
	booktitle = {SIGMOD},
	year = {2007},
	pages = {1029--1040},
}

@misc{twister,
  title={Twister: Iterative {MapReduce}},
  howpublished="\url{http://iterativemapreduce.org}"
}

@inproceedings{cgl-mapreduce,
	author = {Ekanayake, Jaliya and Pallickara, Shrideep and Fox, Geoffrey},
	title = {{MapReduce} for Data Intensive Scientific Analyses},
	booktitle = {ESCIENCE},
	year = {2008},
	pages = {277--284},
}

@inproceedings{hive-icde,
  title = {Hive -- A Petabyte Scale Data Warehouse Using {Hadoop}},
  author = {Ashish Thusoo and Raghotham Murthy and Joydeep Sen Sarma and Zheng Shao and Namit Jain and Prasad Chakka and Suresh Anthony and Hao Liu and Ning Zhang},
  booktitle = {ICDE '10},
}

@misc{pig-fr-join,
  title = {{Fragment Replicate Join} -- {Pig} Wiki},
  howpublished = "\url{http://wiki.apache.org/pig/PigFRJoin}"
}

@inproceedings{spark-short,
	author = {Matei Zaharia and Mosharaf Chowdhury and Michael J. Franklin and Scott Shenker and Ion Stoica},
  title = "{Spark: Cluster Computing with Working Sets}",
	booktitle = {HotCloud},
  year = {2010},
}

@inproceedings{mapreduce-online,
	author = {Tyson Condie and Neil Conway and Peter Alvaro and Joseph M. Hellerstein},
  title = "{MapReduce} Online",
	booktitle = {NSDI},
  year = {2010},
}

@inproceedings{pregel,
	author = {Malewicz, Grzegorz and Austern, Matthew H. and Bik, Aart J.C and Dehnert, James C. and Horn, Ilan and Leiser, Naty and Czajkowski, Grzegorz},
	title = {Pregel: A System for large-scale Graph Processing},
	booktitle = {SIGMOD},
	year = {2010},
} 

@inproceedings{piccolo,
 author = {Power, Russel and Li, Jinyang},
 title = {Piccolo: Building Fast, Distributed Programs with Partitioned Tables},
 booktitle = {OSDI},
 year = {2010},
}

@inproceedings{ciel,
	author = {Derek G. Murray and Malte Schwarzkopf and Christopher Smowton and Steven Smith and Anil Madhavapeddy and Steven Hand},
	title = {{Ciel: A Universal Execution Engine for Distributed Data-Flow Computing}},
	booktitle = {NSDI},
	year = {2011}
}

@inproceedings{mesos,
  author = {B. Hindman and A. Konwinski and M. Zaharia and A. Ghodsi and A.D. Joseph and R. Katz and S. Shenker and I. Stoica},
	title = {{Mesos: A Platform for Fine-Grained Resource Sharing in the Data Center}},
	booktitle = {NSDI},
	year = "2011"
}

% COMMUNICATION MECHANISMS
@inproceedings{optimal-broadcast,
	author = {Prasanna Ganesan and Mukund Seshadri},
	title = {On Cooperative Content Distribution and the Price of Barter},
	booktitle = {ICDCS},
	year = {2005},
}

@inproceedings{sosp-split-fs,
  title={Split-level {I/O} scheduling},
  author={Yang, Suli and Harter, Tyler and Agrawal, Nishant and Kowsalya, Salini Selvaraj and Krishnamurthy, Anand and Al-Kiswany, Samer and Kaushik, Rini T and Arpaci-Dusseau, Andrea C and Arpaci-Dusseau, Remzi H},
  booktitle={SOSP},
  year={2015},
}

@inproceedings{splitstream,
	author = {Castro, Miguel and Druschel, Peter and Kermarrec, Anne-Marie and Nandi, Animesh and Rowstron, Antony and Singh, Atul},
	title = {SplitStream: High-bandwidth multicast in cooperative environments},
	booktitle = {SOSP},
	year = {2003},
}

@ARTICLE{multicast-survey,
	author={Diot, C. and Dabbous, W. and Crowcroft, J.},
	title={Multipoint Communication: A Survey of Protocols, Functions, and Mechanisms},
	journal={IEEE Journal on Selected Areas in Communications}, 
	year={1997},
	volume={15},
	number={3},
	pages={277--290},
}

@misc{bittorrent,
  title={The {BitTorrent} protocol specification},
  author={Cohen, Bram},
  year={2008},
}

@inproceedings{bt-tit-for-tat,
  title={Incentives build robustness in {BitTorrent}},
  author={Cohen, Bram},
  booktitle={Workshop on Economics of Peer-to-Peer systems},
  year={2003}
}

@misc{murder,
  title = "{{Murder}}",
  howpublished="\url{http://github.com/lg/murder}"
}

@misc{bittornado,
  title = "{{BitTornado}}",
  howpublished="\url{http://www.bittornado.com}"
}

@inproceedings{pastry,
	author = {Rowstron, Antony I. T. and Druschel, Peter},
	title = {Pastry: Scalable, Decentralized Object Location, and Routing for Large-Scale Peer-to-Peer Systems},
	booktitle = {Middleware},
	year = {2001},
	pages = {329--350},
}

@inproceedings{scribe,
	author = {Miguel Castro and Peter Druschel and Anne-Marie Kermarrec and Antony Rowstron},
	title = {Scalable Application-Level Anycast for Highly Dynamic Groups},
	booktitle = {Networked Group Communications},
	year = {2003}
}

@misc{freepastry,
  title = "{{FreePastry}}",
  howpublished="\url{http://www.freepastry.org}"
}

@misc{lantorrent,
  title = "{{LANTorrent}}",
  howpublished="\url{http://www.nimbusproject.org}"
}

@misc{blizzard, 
	title = "{{Blizzard Downloader}}",
	howpublished="\url{http://www.wowpedia.org/Blizzard_Downloader}"
}

@inproceedings{planet-scale,
	author = {Gkantsidis, Christos and Karagiannis, Thomas and VojnoviC, Milan},
	title = {Planet scale software updates},
	booktitle = {SIGCOMM},
	year = {2006},
} 


% DATA CENTER NETWORK CHARACTERISTICS
@inproceedings{vl2,
  author = {Greenberg, Albert and Hamilton, James R. and Jain, Navendu and Kandula, Srikanth and Kim, Changhoon and Lahiri, Parantap and Maltz, David A. and Patel, Parveen and Sengupta, Sudipta},
	title = {{VL2}: A Scalable and Flexible Data Center Network},
	booktitle = {SIGCOMM},
	year = {2009}
} 

@inproceedings{helios,
  title={Helios: A hybrid electrical/optical switch architecture for modular data centers},
  author={Farrington, Nathan and Porter, George and Radhakrishnan, Sivasankar and Bazzaz, Hamid Hajabdolali and Subramanya, Vikram and Fainman, Yeshaiahu and Papen, George and Vahdat, Amin},
	booktitle = {SIGCOMM},
  year={2011},
}

@inproceedings{osa,
  title={{OSA}: An optical switching architecture for data center networks with unprecedented flexibility},
  author={Chen, Kai and Singla, Ankit and Singh, Atul and Ramachandran, Kishore and Xu, Lei and Zhang, Yueping and Wen, Xitao and Chen, Yan},
	booktitle = {NSDI},
  year={2012},
}

@inproceedings{cthrough,
  title={{c-Through}: Part-time optics in data centers},
  author={Wang, Guohui and Andersen, David G and Kaminsky, Michael and Papagiannaki, Konstantina and Ng, TS and Kozuch, Michael and Ryan, Michael},
	booktitle = {SIGCOMM},
  year={2011},
}

@inproceedings{mirror-mirror,
  title={Mirror mirror on the ceiling: Flexible wireless links for data centers},
  author={Zhou, Xia and Zhang, Zengbin and Zhu, Yibo and Li, Yubo and Kumar, Saipriya and Vahdat, Amin and Zhao, Ben Y and Zheng, Haitao},
	booktitle = {SIGCOMM},
  year={2012},
}

@inproceedings{flyway,
  title={Augmenting data center networks with multi-gigabit wireless links},
  author={Halperin, Daniel and Kandula, Srikanth and Padhye, Jitendra and Bahl, Paramvir and Wetherall, David},
	booktitle = {SIGCOMM},
  year={2011},
}

@inproceedings{firefly,
  title={{FireFly}: A reconfigurable wireless data center fabric using free-space optics},
  author={Hamedazimi, Navid and Qazi, Zafar and Gupta, Himanshu and Sekar, Vyas and Das, Samir R and Longtin, Jon P and Shah, Himanshu and Tanwer, Ashish},
	booktitle = {SIGCOMM},
  year={2014},
}

@inproceedings{dcell,
  author = {Guo, Chuanxiong and Wu, Haitao and Tan, Kun and Shi, Lei and Zhang, Yongguang and Lu, Songwu},
  title = {{DCell}: A scalable and fault-tolerant network structure for data centers},
	booktitle = {SIGCOMM},
	year = {2008},
} 

@inproceedings{jellyfish,
  title={Jellyfish: Networking Data Centers Randomly.},
  author={Singla, Ankit and Hong, Chi-Yao and Popa, Lucian and Godfrey, Philip Brighten},
  booktitle={NSDI},
  year={2012}
}

@article{survey-dc-routing,
  title={Survey on routing in data centers: Insights and future directions},
  author={Chen, Kai and Hu, Chengchen and Zhang, Xin and Zheng, Kai and Chen, Yan and Vasilakos, Athanasios V},
  journal={IEEE Network},
  volume={25},
  number={4},
  pages={6--10},
  year={2011},
}

@inproceedings{mordia,
  title={Integrating microsecond circuit switching into the data center},
  author={Porter, George and Strong, Richard and Farrington, Nathan and Forencich, Alex and Chen-Sun, Pang and Rosing, Tajana and Fainman, Yeshaiahu and Papen, George and Vahdat, Amin},
	booktitle = {SIGCOMM},
	year = {2013},
}

@article{bcude-bisection,
  title={Bisection (band)width of product networks with application to data centers},
  author={Arjona Aroca, Jordi and Fern{\'a}ndez Anta, Antonio},
  journal={IEEE Transactions on Parallel and Distributed Systems},
  volume={25},
  number={3},
  pages={570--580},
  year={2014},
}

@inproceedings{bcube,
  Author = {Chuanxiong Guo and Guohan Lu and Dan Li and Haitao Wu and Xuan Zhang and Yunfeng Shi and  Chen Tian and Yongguang Zhang and Songwu Lu},
  booktitle = {SIGCOMM},
	Title = {{BCube: A High Performance, Server-centric Network Architecture for Modular Data Centers}},
	year = 2009
}

@inproceedings{portland,
  author = {Radhika Niranjan Mysore and Andreas Pamboris and Nathan Farrington and Nelson Huang and Pardis Miri and Sivasankar Radhakrishnan and Vikram Subramanya and Amin Vahdat},
	title = {{PortLand}: A scalable fault-tolerant layer 2 data center network fabric},
	booktitle = {SIGCOMM},
	year = {2009},
} 

@article{clos,
  title={A Study of Non-Blocking Switching Networks},
  author={Clos, Charles},
  journal={Bell System Technical Journal},
  volume={32},
  number={2},
  pages={406--424},
  year={1953},
}

@article{fattree,
  title={Fat-trees: Universal networks for hardware-efficient supercomputing},
  author={Leiserson, Charles E},
  journal={IEEE Transactions on Computers},
  volume={100},
  number={10},
  pages={892--901},
  year={1985},
}

@inproceedings{camcube,
	author = {Abu-Libdeh, Hussam and Costa, Paolo and Rowstron, Antony and O'Shea, Greg and Donnelly, Austin},
	title = {Symbiotic routing in future data centers},
	booktitle = {SIGCOMM},
	year = {2010},
} 

@inproceedings{dc-traffic,
  author = {Srikanth Kandula and Sudipta Sengupta and Albert Greenberg and Parveen Patel and Ronnie Chaiken},
	title = {The Nature of Datacenter Traffic: Measurements and Analysis},
	booktitle = {IMC},
	year = {2009},
}

@inproceedings{ec2-network,
	author = {Guohui Wang and T. S. Eugene Ng},
	title = {The Impact of Virtualization on Network Performance of {Amazon EC2} Data Center},
	booktitle = {INFOCOM},
	year = {2010}
}

@article{dc-computer,
  title={The datacenter as a computer: An introduction to the design of warehouse-scale machines},
  author={Barroso, Luiz Andr{\'e} and Clidaras, Jimmy and H{\"o}lzle, Urs},
  journal={Synthesis Lectures on Computer Architecture},
  volume={8},
  number={3},
  pages={1--154},
  year={2013},
  publisher={Morgan \& Claypool Publishers}
}

@inproceedings{jupiter-rising,
  title={Jupiter Rising: A Decade of {Clos} Topologies and Centralized Control in {Google}'s Datacenter Network},
  author={Singh, Arjun and Ong, Joon and Agarwal, Amit and Anderson, Glen and Armistead, Ashby and Bannon, Roy and Boving, Seb and Desai, Gaurav and Felderman, Bob and Germano, Paulie and Anand Kanagala and Jeff Provost and
Jason Simmons and Eiichi Tanda and Jim Wanderer and H{\"o}lzle, Urs and Stephen Stuart and Amin Vahdat},
  year={2015},
  booktitle={SIGCOMM}
}

@inproceedings{geode,
  title={Global analytics in the face of bandwidth and regulatory constraints},
  author={Vulimiri, Ashish and Curino, Carlo and Godfrey, B and Padhye, J and Varghese, G},
  booktitle={NSDI},
  year={2015}
}

@inproceedings{iridium,
  title={Low Latency Geo-distributed Data Analytics},
  author={Pu, Qifan and Ananthanarayanan, Ganesh and Bodik, Peter and Kandula, Srikanth and Akella, Aditya and Bahl, Victor and Stoica, Ion},
  booktitle={SIGCOMM},
  year={2015}
}


@misc{google-dc-scale,
	title = {A look inside {G}oogle's Data Center Networks},
	howpublished = {\url{http://googlecloudplatform.blogspot.com/2015/06/A-Look-Inside-Googles-Data-Center-Networks.html}}
}

@misc{netflix-aws,
	title = {5 Lessons We've Learned Using {AWS}},
	howpublished = {\url{http://techblog.netflix.com/2010/12/5-lessons-weve-learned-using-aws.html}}
}

@inproceedings{dc-wild,
	author = {Theophilus Benson and Aditya Akella and David A. Maltz},
	title = {Network Traffic Characteristics of Data Centers in the Wild},
	booktitle = {IMC},
	year = {2010},
}

% SCHEDULING
@misc{hadoop-capacity-scheduler,
  title = "{YARN Capacity Scheduler}",
  howpublished= "\url{http://goo.gl/cqwcp5}"
}

@misc{hadoop-fair-scheduler,
  title = "{YARN Fair Scheduler}",
  howpublished= "\url{http://goo.gl/w5edEQ}"
}

@inproceedings{wf2q,
	author = {J.C.R. Bennett and H. Zhang},
	title = {{\mbox{\({\mbox{WF}}^{2}{\mbox{Q}}\)}}: {W}orst-case Fair Weighted Fair Queueing},
	booktitle = {{INFOCOM}},
	pages = "120-128",
	year = 1996,
}

@techreport{jains-index,
  title={A quantitative measure of fairness and discrimination for resource allocation in shared computer systems},
  author={Jain, Raj and Chiu, Dah-Ming and Hawe, William},
  Institution = {Digital Equipment Corporation},
  Number = {DEC-TR-301},
  year={1984}
}

@inproceedings{drr,
  title={Efficient fair queueing using deficit round robin},
  author={Shreedhar, Madhavapeddi and Varghese, George},
  booktitle={SIGCOMM},
  year={1995},
}

@inproceedings{sfq,
  title={Start-time fair queueing: A scheduling algorithm for integrated services packet switching networks},
  author={Goyal, Pawan and Vin, Harrick M and Chen, Haichen},
  booktitle={SIGCOMM},
  year={1996},
}

@inproceedings{hfsc,
	author = {I. Stoica and H. Zhang and T.S.E. Ng},
	title = {{A} Hierarchical Fair Service Curve Algorithm for Link-Sharing, Real-Time and Priority Service},
	booktitle = {{SIGCOMM}},
	year = 1997,
}

@inproceedings{fsc-best-effort,
  title={Supporting best-effort traffic with fair service curve},
  author={T.S.E. Ng and Stephens, Donpaul C and Stoica, Ion and Zhang, Hui},
  booktitle={GLOBECOM},
  year={1999},
}

@phdthesis{carl-thesis,
	author = {C. A. Waldspurger},
	title = {Lottery and Stride Scheduling: {F}lexible Proportional-Share Resource Management},
	year = {1995},
	school = {{MIT}, {L}aboratory of {C}omputer {S}cience},
	note = {MIT/LCS/TR-667}
}

@inproceedings{lottery-scheduling,
	author = {C. A. Waldspurger and W. E. Weihl},
	title = {Lottery Scheduling: {F}lexible Proportional-Share Resource Management},
	booktitle = {OSDI},
	year = 1994,
}   

@techreport{intserv-hierarchy,
    author = {Scott Shenker and David D. Clark and Lixia Zhang},
    title = {A Scheduling Service Model and a Scheduling Architecture for an Integrated Services Packet Network},
    institution = {Xerox PARC},
    year = {1993}
}

@article{cbq,
	author = {S. Floyd and V. Jacobson},
	title = {Link-sharing and Resource Management Models for Packet Networks},
	journal = {IEEE/ACM Transactions on Networking},
	volume = "3",
	number = "4",
	pages = "365--386",
	year = "1995"
}   

@article{cruz1,
  title={A Calculus for Network Delay, {Part I}: Network Elements in Isolation},
  author={Cruz, RL},
  journal={IEEE Transactions on Information Theory},
  volume={37},
  number={1},
  pages={114--131},
  year={1991}
}

@article{cruz2,
  title={A Calculus for Network Delay, {Part II}: Network Analysis},
  author={Cruz, RL},
  journal={IEEE Transactions on Information Theory},
  volume={37},
  number={1},
  pages={132--141},
  year={1991}
}

@article{smart-scheduler,
	author = {Jason Nieh and Monica S. Lam},
	title = {A {SMART} scheduler for multimedia applications},
	journal = {ACM TOCS},
	volume = "21",
	number = "2",
	pages = "117-163",
	year = "2003"
}   

@inproceedings{fair-queueing,
	author = {A. Demers and S. Keshav and S. Shenker},
	title = {Analysis and Simulation of a Fair Queueing Algorithm},
	booktitle = {Journal of Internetworking Research and Experience},
	year = 1990,
	pages = "3-26",
}

@inproceedings{late,
  author = {Matei Zaharia and Andy Konwinski and Anthony D. Joseph and Randy Katz and Ion Stoica},
	title = {Improving {MapReduce} Performance in Heterogeneous Environments},
	booktitle = {OSDI},
	year = 2008,
}

@inproceedings{apollo,
  title={Apollo: Scalable and coordinated scheduling for cloud-scale computing},
  author={Boutin, Eric and Ekanayake, Jaliya and Lin, Wei and Shi, Bing and Zhou, Jingren and Qian, Zhengping and Wu, Ming and Zhou, Lidong},
  booktitle={OSDI},
  year={2014}
}

@inproceedings{mercury,
  title={Mercury: Hybrid Centralized and Distributed Scheduling in Large Shared Clusters},
  author={Karanasos, Konstantinos and Rao, Sriram and Curino, Carlo and Douglas, Chris and Chaliparambil, Kishore and Fumarola, Giovanni and Heddaya, Solom and Ramakrishnan, Raghu and Sakalanaga, Sarvesh},
  booktitle={USENIX ATC},
  year={2015}
}

@inproceedings{quincy,
  author = {Michael Isard and Vijayan Prabhakaran and Jon Currey and Udi Wieder and Kunal Talwar and Andrew Goldberg},
  title = {Quincy: Fair Scheduling for Distributed Computing Clusters},
  booktitle = {SOSP},
  year = {2009}
}

@inproceedings{dolly,
  author = {G. Ananthanarayanan and A. Ghodsi and Scott Shenker and Ion Stoica},
  title = "{Effective Straggler Mitigation: Attack of the Clones}",
	booktitle = {NSDI},
  year = {2013},
}

@inproceedings{delay-scheduling,
  author =  {Zaharia, Matei and Borthakur, Dhruba and Sen Sarma, Joydeep and Elmeleegy, Khaled and Shenker, Scott and Stoica, Ion},
   title =	{Delay Scheduling: A Simple Technique for Achieving Locality and Fairness in Cluster Scheduling},
   booktitle =	{EuroSys},
   year =	{2010},
}

@inproceedings{making-sense,
  title={Making sense of performance in data analytics frameworks},
  author={Ousterhout, Kay and Rasti, Ryan and Ratnasamy, Sylvia and Shenker, Scott and Chun, Byung-Gon},
  booktitle={NSDI},
  year={2015}
}

@inproceedings{sparrow,
  title={Sparrow: Distributed, low latency scheduling},
  author={Ousterhout, Kay and Wendell, Patrick and Zaharia, Matei and Stoica, Ion},
  booktitle={SOSP},
  year={2013},
}

@inproceedings{paragon,
  title={Paragon: {QoS}-aware scheduling for heterogeneous datacenters},
  author={Delimitrou, Christina and Kozyrakis, Christos},
  booktitle =	{ASPLOS},
  year={2013},
}

@article{seven-sins,
  title={The seven deadly sins of cloud computing research},
  author={Schwarzkopf, Malte and Murray, Derek G and Hand, Steven},
  journal={HotCloud},
  year={2012}
}

@inproceedings{quasar,
  title={Quasar: Resource-Efficient and {QoS}-Aware Cluster Management},
  author={Delimitrou, Christina and Kozyrakis, Christos},
  booktitle =	{ASPLOS},
  year={2014},
}

@inproceedings{heracles,
  title={Heracles: improving resource efficiency at scale},
  author={Lo, David and Cheng, Liqun and Govindaraju, Rama and Ranganathan, Parthasarathy and Kozyrakis, Christos},
  booktitle={ISCA},
  year={2015},
}

@inproceedings{mantri,
  author =  {G. Ananthanarayanan and S. Kandula and A. Greenberg and I. Stoica and Y. Lu and B. Saha and E. Harris},
  title =	{Reining in the Outliers in MapReduce Clusters using {Mantri}},
  booktitle =	{OSDI},
  year =	{2010},
}

@inproceedings{hedera,
  author = {Al-Fares, Mohammad and Radhakrishnan, Sivasankar and Raghavan, Barath and Huang, Nelson and Vahdat, Amin},
	title = {Hedera: Dynamic flow scheduling for data center networks},
	booktitle = {NSDI},
	year = {2010},
} 

@inproceedings{texcp,
  title={Walking the tightrope: Responsive yet stable traffic engineering},
  author={Kandula, Srikanth and Katabi, Dina and Davie, Bruce and Charny, Anna},
  booktitle={SIGCOMM},
  year={2005},
}

@inproceedings{microte,
  title={{MicroTE}: Fine grained traffic engineering for data centers},
  author={Benson, T. and Anand, A. and Akella, A. and Zhang, M.},
  booktitle={CoNEXT},
  year={2011},
}

% MISC
@inproceedings{condor-grid2007,
	author = {Ann Chervenak and Ewa Deelman and Miron Livny and Mei-Hui Su and Rob Schuler and Shishir Bharathi and Gaurang Mehta and Karan Vahi},
	title = {{Data Placement for Scientific Applications in Distributed Environments}},
	booktitle = {Grid},
	year = "2007"
}

@article{condor, 
  author    = "Douglas Thain and Todd Tannenbaum and Miron Livny",
  title     = "{Distributed computing in practice: The {Condor} experience.}",
  journal   = "Concurrency and Computation Practice and Experience",
  volume    = "17",
  number    = "2-4",
  year      = "2005",
  pages     = "323-356",
}

@inproceedings{pavlo-benchmark,
 author = {Pavlo, Andrew and Paulson, Erik and Rasin, Alexander and Abadi, Daniel J. and DeWitt, David J. and Madden, Samuel and Stonebraker, Michael},
 title = {A comparison of approaches to large-scale data analysis},
 booktitle = {SIGMOD},
 year = {2009}
}

% Global Control Plane
@inproceedings{tesseract,
 author = {Hong Yan and David A. Maltz and T. S. Eugene Ng and Hemant Gogineni and Hui Zhang and Zheng Cai},
 title = {Tesseract: A {4D} Network Control Plane},
 booktitle = {NSDI},
 year=2007
}

@inproceedings{ethane,
	author = {Casado, Martin and Freedman, Michael J. and Pettit, Justin and Luo, Jianying and McKeown, Nick and Shenker, Scott},
	title = {Ethane: Taking Control of the Enterprise},
	booktitle = {SIGCOMM},
	year = {2007},
} 

@inproceedings{player,
	author = {Joseph, Dilip A. and Tavakoli, Arsalan and Stoica, Ion},
	title = {A Policy-aware Switching Layer for Data Centers},
	booktitle = {SIGCOMM},
	year = {2008},
} 

@article{4d,
	author = {Greenberg, Albert and Hjalmtysson, Gisli and Maltz, David A. and Myers, Andy and Rexford, Jennifer and Xie, Geoffrey and Yan, Hong and Zhan, Jibin and Zhang, Hui},
	title = {A Clean Slate {4D} Approach to Network Control and Management},
	journal = {SIGCOMM CCR},
	volume = {35},
	issue = {5},
	year = {2005},
	pages = {41--54},
} 

@article{kruskalStress,
  author = "Joseph B.\ Kruskal and Myron Wish",
  title = "{Multidimensional Scaling}",
  journal = "{Sage University Paper series on Quantitative Applications in the Social Sciences}",
  volume = "07-001",
  year = "1978",
}

@inbook{shmoys-multi-commodity-flow,
 author = {Shmoys, David B.},
 title = {Cut problems and their application to divide-and-conquer},
 book = {Approximation algorithms for NP-hard problems},
 year = {1997},
 isbn = {0-534-94968-1},
 pages = {192--235},
 chapter = {5},
 numpages = {44},
 url = {http://portal.acm.org/citation.cfm?id=241938.241943},
 acmid = {241943},
 publisher = {PWS Publishing Co.},
 address = {Boston, MA, USA},
}

@inproceedings{MaoSaul04,
	author = "Yun Mao and Lawrence K.\ Saul",
	title = "{Modeling Distances in Large-Scale Networks by Matrix Factorization}",
	booktitle = "IMC",
	year = {2004},
} 

@inproceedings{ZPclustering,
  author = "Lihi Zelnik-Manor and Pietro Perona",
  title = "{Self-Tuning Spectral Clustering}",
  booktitle = "NIPS 17",
  year = 2005,
  pages = "1601--1608",
}

@book{hastie_book09,
  author = "Trevor Hastie and Robert Tibshirani and Jerome Friedman",
  title = "{The Elements of Statistical Learning: Data Mining, Inference, and Prediction}",
  publisher = "Springer",
  address = "New York, NY",
  year = 2009,
}

@inproceedings{netflix-als,
 author = {Zhou, Yunhong and Wilkinson, Dennis and Schreiber, Robert and Pan, Rong},
 title = {Large-Scale Parallel Collaborative Filtering for the {Netflix} Prize},
 booktitle = {AAIM},
 year = {2008},
}

@inproceedings{openvswitch,
  title={Extending Networking into the Virtualization Layer},
  booktitle = {HotNets 2009},
  author = {Ben Pfaff and Justin Pettit and Keith Amidon and Martin Casado and Teemu Koponen and Scott Shenker},
}

@book{tanenbaum,
  Address = {Upper Saddle River, NJ, USA},
  Author = {Tanenbaum, Andrew S.},
  Isbn = {9780136006633},
  Publisher = {Prentice Hall Press},
  Title = {Modern Operating Systems},
  Year = {2007}
}

@inproceedings{seawall,
	author = {Alan Shieh and Srikanth Kandula and Albert Greenberg and Changhoon Kim},
	title = {Sharing the Data Center Network},
	booktitle = {NSDI},
	year = {2011}
}

@article{NetworkCoordinatesSurvey, 
  title = "{A Survey on Network Coordinates Systems, Design, and Security}",
  author = "Benoit Donnet and Bamba Gueye and Mohamed Ali Kaafar",
  journal = "IEEE Communication Surveys and Tutorials",
  year = 2010,
  volume = 12,
  number = 4,
  month = oct,
}

@inproceedings{incast-ucb,
	author = {Chen, Yanpei and Griffith, Rean and Liu, Junda and Katz, Randy H. and Joseph, Anthony D.},
	title = {Understanding {TCP} Incast Throughput Collapse in Datacenter Networks},
	booktitle = {WREN},
	year = {2009},
} 

@inproceedings{incast-cmu,
	author = {Vasudevan, Vijay and Phanishayee, Amar and Shah, Hiral and Krevat, Elie and Andersen, David G. and Ganger, Gregory R. and Gibson, Garth A. and Mueller, Brian},
	title = {Safe and effective fine-grained {TCP} retransmissions for Datacenter communication},
	booktitle = {SIGCOMM},
	year = {2009},
} 

@inproceedings{antfarm,
	author = {Ryan Peterson and Emin Gun Sirer},
	title = {Antfarm: Efficient Content Distribution With Managed Swarms},
	booktitle = {NSDI},
	year = {2009}
}

@article{multicommodity-maxflow-mincut,
 author = {Leighton, Tom and Rao, Satish},
 title = {Multicommodity Max-flow Min-cut Theorems and Their Use in Designing Approximation Algorithms},
 journal = {Journal of the ACM},
 volume = {46},
 number = {6},
 month = nov,
 year = {1999},
 pages = {787--832},
} 

@inproceedings{monarch,
	author = {Kurt Thomas and Chris Grier and Justin Ma and Vern Paxson and Dawn Song},
	title = {Design and Evaluation of a Real-Time {URL} Spam Filtering Service},
	booktitle = {IEEE Symposium on Security and Privacy},
	year = {2011}
}

@techreport{modelBasedClustering,
  author = "Christopher Fraley and Adrian Raftery",
  title = {{MCLUST Version 3 for R}: Normal Mixture Modeling and Model-Based Clustering},
  institution = "Department of Statistics, University of Washington",
  number = 504,
  month = sep,
  year = 2006,
}

@inproceedings{gfs,
	author = {Sanjay Ghemawat and Howard Gobioff and Shun-Tak Leung},
	title = {The {Google} File System },
	booktitle = {SOSP},
	year = {2003}
}

@misc{giraph,
  title = "{{Apache Giraph}}",
  howpublished= "\url{http://giraph.apache.org}"
}

@misc{hama,
  title = "{{Apache Hama}}",
  howpublished= "\url{http://hama.apache.org}"
}

@misc{kfs,
  title = "{{Kosmos Distributed File System}}",
  howpublished= "\url{https://code.google.com/p/kosmosfs}"
}

@misc{google-dataflow,
  title = "{{Google Cloud Dataflow}}",
  howpublished= "\url{https://cloud.google.com/dataflow}"
}

@misc{databricks-cloud,
  title = "{{Databricks Cloud}}",
  howpublished= "\url{http://databricks.com/cloud}"
}

@misc{bdas,
  title = "{{The Berkeley Data Analytics Stack (BDAS)}}",
  howpublished= "\url{https://amplab.cs.berkeley.edu/software/}"
}

@inproceedings{no-complain,
  title={No justified complaints: On fair sharing of multiple resources},
  author={Dolev, Danny and Feitelson, Dror G and Halpern, Joseph Y and Kupferman, Raz and Linial, Nathan},
  booktitle={ITCS},
  year={2012},
}

@inproceedings{fair-wo-trade,
  title={Fair allocation without trade},
  author={Gutman, Avital and Nisan, Noam},
  booktitle={AAMAS},
  year={2012},
}

@inproceedings{multiresource-mungchiang,
  title={Multi-resource allocation: Fairness-efficiency tradeoffs in a unifying framework},
  author={Joe-Wong, Carlee and Sen, Soumya and Lan, Tian and Chiang, Mung},
  booktitle={INFOCOM},
  year={2012},
}

@inproceedings{beyond-drf,
  title={{Beyond Dominant Resource Fairness}: Extensions, limitations, and indivisibilities},
  author={Parkes, David C and Procaccia, Ariel D and Shah, Nisarg},
  booktitle={EC},
  year={2012},
}

@inproceedings{choosy,
  title={Choosy: Max-min fair sharing for datacenter jobs with constraints},
  author={Ghodsi, Ali and Zaharia, Matei and Shenker, Scott and Stoica, Ion},
  booktitle={EuroSys},
  year={2013},
}

@inproceedings{drf,
  title={Dominant Resource Fairness: Fair Allocation of Multiple Resource Types},
  author={Ghodsi, Ali and Zaharia, Matei and Hindman, Benjamin and Konwinski, Andy and Shenker, Scott and Stoica, Ion},
  booktitle={NSDI},
  year={2011}
}

@inproceedings{carbyne,
  title={Altruistic Scheduling in Multi-Resource Clusters},
  author={R. Grandl and M. Chowdhury and A. Akella and G. Ananthanarayanan},
  booktitle={OSDI},
  year={2016}
}

@inproceedings{wfq,
	author = {A. Demers and S. Keshav and S. Shenker},
	title = {Analysis and Simulation of a Fair Queueing Algorithm},
	booktitle = {SIGCOMM},
	year = 1989,
}

@article{mogul-popa,
  title={What we talk about when we talk about cloud network performance},
  author={Mogul, Jeffrey C and Popa, Lucian},
  journal={SIGCOMM CCR},
  volume={42},
  number={5},
  pages={44--48},
  year={2012},
}

@article{drfq,
  title={Multi-resource fair queueing for packet processing},
  author={Ghodsi, Ali and Sekar, Vyas and Zaharia, Matei and Stoica, Ion},
  journal={SIGCOMM},
  year={2012},
}

@inproceedings{hdrf,
  title={Hierarchical scheduling for diverse datacenter workloads},
  author={Bhattacharya, Arka A and Culler, David and Friedman, Eric and Ghodsi, Ali and Shenker, Scott and Stoica, Ion},
  booktitle={SoCC},
  year={2013},
}

@inproceedings{yarn,
  title={Apache {Hadoop} {YARN}: Yet Another Resource Negotiator},
  author={Vavilapalli, Vinod Kumar and Murthy, Arun C and Douglas, Chris and Agarwal, Sharad and Konar, Mahadev and Evans, Robert and Graves, Thomas and Lowe, Jason and Shah, Hitesh and Seth, Siddharth and Bikas Saha and Carlo Curino and Owen O'Malley and Sanjay Radia and Benjamin Reed and Eric Baldeschwieler},
  booktitle={SoCC},
  year={2013},
}

@misc{storm,
  title = "{Storm: Distributed and fault-tolerant realtime computation}",
  howpublished= "\url{http://storm-project.net}"
}

@inproceedings{graphlab,
  title={{GraphLab}: A new framework for parallel machine learning},
  author={Low, Yucheng and Gonzalez, Joseph and Kyrola, Aapo and Bickson, Danny and Guestrin, Carlos and Hellerstein, Joseph M},
  booktitle={UAI},
  year={2010}
}

@article{haloop,
  title={{HaLoop}: Efficient iterative data processing on large clusters},
  author={Bu, Yingyi and Howe, Bill and Balazinska, Magdalena and Ernst, Michael D},
  journal={PVLDB},
  volume={3},
  number={1-2},
  pages={285--296},
  year={2010},
}

@inproceedings{tachyon,
  title={Tachyon: Reliable, memory speed storage for cluster computing frameworks},
  author={Li, Haoyuan and Ghodsi, Ali and Zaharia, Matei and Shenker, Scott and Stoica, Ion},
  booktitle={SoCC},
  year={2014},
}

@misc{hdfs,
  title={The {Hadoop} Distributed File System: Architecture and Design},
  author={Borthakur, Dhruba},
  howpublished={Hadoop Project Website},
  year={2007}
}

@misc{hdfs-site,
  title = "{{Hadoop Distributed File System}}",
  howpublished= "\url{http://hadoop.apache.org/hdfs}"
}

@misc{fb-hdfs,
  title = "{{{\facebook} Production HDFS}}",
  howpublished= "\url{http://goo.gl/BGGuf}"
}

@misc{cassandra,
  title = "{{Apache Cassandra}}",
  howpublished= "\url{http://cassandra.apache.org}"
}

@misc{hbase,
  title = "{{Apache HBase}}",
  howpublished= "\url{http://hbase.apache.org}"
}

@inproceedings{bigtable,
 author = {Chang, Fay and Dean, Jeffrey and Ghemawat, Sanjay and Hsieh, Wilson C. and Wallach, Deborah A. and Burrows, Mike and Chandra, Tushar and Fikes, Andrew and Gruber, Robert E.},
 title = {Bigtable: A distributed storage system for structured data},
 booktitle = {OSDI},
 year = {2006},
} 

@inproceedings{scarlett,
  author = {G. Ananthanarayanan and S. Agarwal and S. Kandula and A. Greenberg and I. Stoica and D. Harlan and E. Harris},
	title = {Scarlett: Coping with Skewed Popularity Content in MapReduce Clusters},
	booktitle = {EuroSys},
	year = {2011}
}

@inproceedings{orchestra,
  author = {Chowdhury, Mosharaf and Zaharia, Matei and Ma, Justin and Jordan, Michael I. and Stoica, Ion},
	title = {Managing Data Transfers in Computer Clusters with {Orchestra}},
	booktitle = {SIGCOMM},
	year = {2011},
} 

@inproceedings{disk-locality-irrelevant,
  author = {G. Ananthanarayanan and A. Ghodsi and S. Shenker and I. Stoica},
	title = {Disk-Locality in Datacenter Computing Considered Irrelevant},
	booktitle = {HotOS},
	year = {2011},
} 

@article{ramcloud,
  author = {Ousterhout, John and Agrawal, Parag and Erickson, David and Kozyrakis, Christos and Leverich, Jacob and Mazi\`{e}res, David and Mitra, Subhasish and Narayanan, Aravind and Parulkar, Guru and Rosenblum, Mendel and Rumble, Stephen M. and Stratmann, Eric and Stutsman, Ryan},	title = {The Case for {RAMClouds}: Scalable High Performance Storage Entirely in {DRAM}},
	journal = {SIGOPS OSR},
	volume = {43},
	number = {4},
	year = {2010},
}

@article{flink,
  title={Apache Flink: Stream and batch processing in a single engine},
  author={Carbone, Paris and Ewen, Stephan and Haridi, Seif and Katsifodimos, Asterios and Markl, Volker and Tzoumas, Kostas},
  journal={Data Engineering},
  year={2015}
}

@inproceedings{spark,
  author = {M. Zaharia and M. Chowdhury and T. Das and A. Dave and J. Ma and M. McCauley and M.J. Franklin and S. Shenker and I. Stoica},
	title = {{Resilient Distributed Datasets}: A Fault-Tolerant Abstraction for In-Memory Cluster Computing},
	booktitle = {NSDI},
	year = {2012}
}

@inproceedings{shark,
  title={Shark: {SQL} and rich analytics at scale},
  author={Xin, Reynold S and Rosen, Josh and Zaharia, Matei and Franklin, Michael J and Shenker, Scott and Stoica, Ion},
  booktitle={SIGMOD},
  year={2013},
}

@inproceedings{sparksql,
  title={Spark {SQL}: Relational data processing in {Spark}},
  author={Armbrust, Michael and Xin, Reynold S and Lian, Cheng and Huai, Yin and Liu, Davies and Bradley, Joseph K and Meng, Xiangrui and Kaftan, Tomer and Franklin, Michael J and Ghodsi, Ali and Matei Zaharia},
  booktitle={SIGMOD},
  year={2015},
}

@inproceedings{graphx,
  title={{GraphX}: Graph processing in a distributed dataflow framework},
  author={Gonzalez, Joseph E and Xin, Reynold S and Dave, Ankur and Crankshaw, Daniel and Franklin, Michael J and Stoica, Ion},
  booktitle={OSDI},
  year={2014}
}

@inproceedings{pacman,
  author = {G. Ananthanarayanan and A. Ghodsi and A. Wang and D. Borthakur and S. Kandula and S. Shenker and I. Stoica},
	title = {{PACMan}: Coordinated Memory Caching for Parallel Jobs},
	booktitle = {NSDI},
	year = {2012}
}

@inproceedings{fb-realtime,
  author = {Borthakur, Dhruba and Gray, Jonathan and Sarma, Joydeep Sen and Muthukkaruppan, Kannan and Spiegelberg, Nicolas and Kuang, Hairong and Ranganathan, Karthik and Molkov, Dmytro and Menon, Aravind and Rash, Samuel and Schmidt, Rodrigo and Aiyer, Amitanand},
 title = {Apache {Hadoop} goes realtime at {{\facebook}}},
 booktitle = {SIGMOD},
 year = {2011},
 pages = {1071--1080},
} 

. 
@inproceedings{corfu,
	author = {Mahesh Balakrishnan and Dahlia Malkhi and Vijayan Prabhakaran and Ted Wobber and Michael Wei and John D. Davis},
	title = {{CORFU}: A Shared Log Design for Flash Clusters},
	booktitle = {NSDI},
	year = {2012}
}

@inproceedings{shuffle-udf,
  author = {J. Zhang and H. Zhou and R. Chen and X. Fan and Z. Guo and H. Lin and J. Li and W. Lin and J. Zhou and L. Zhou},
	title = {Optimizing Data Shuffling in Data-Parallel Computation by Understanding User-Defined Functions},
	booktitle = {NSDI},
	year = {2012}
}

@inproceedings{spark-streaming,
  author = {M. Zaharia and T. Das and H. Li and S. Shenker and I. Stoica},
	title = {Discretized Streams: Fault-Tolerant Stream Computation at Scale},
	booktitle = {SOSP},
	year = {2013}
}

@article{openflow,
  author = {N. McKeown and T. Anderson and H. Balakrishnan and G. M. Parulkar and L. L. Peterson and J. Rexford and S. Shenker and J. S. Turner},
	title = {{OpenFlow}: Enabling innovation in campus networks},
	journal = {SIGCOMM CCR},
	volume = {38},
	number = {2},
	year = {2008},
	pages = {69--74},
}

@inproceedings{azure-erasure,
  author = {Cheng Huang and Huseyin Simitci and Yikang Xu and Aaron Ogus and Brad Calder and Parikshit Gopalan and Jin Li and Sergey Yekhanin},
	title = {Erasure Coding in {Windows Azure Storage}},
	booktitle = {USENIX ATC},
	year = {2012}
}

@misc{dhruba-blog,
  title = "{{Dhruba Borthakur's HDFS Blog}}",
  howpublished= "\url{http://goo.gl/FTVIm}"
}

@inproceedings{fb-erasure,
  author = {Asteris, M. and Papailiopoulous, D. and Dimakis, A.G. and Vadali, R. and Chen, S. and Borthakur, D.},
	title = {{XOR}ing Elephants: Novel Erasure Codes for Big Data},
	booktitle = {PVLDB},
	year = {2013}
}

@inproceedings{power-of-choices,
  title={The power of choice in data-aware cluster scheduling},
  author={Venkataraman, Shivaram and Panda, Aurojit and Ananthanarayanan, Ganesh and Franklin, Michael J and Stoica, Ion},
  booktitle={OSDI},
  year={2014}
}

@inproceedings{hopper,
  title={Hopper: Decentralized Speculation-aware Cluster Scheduling at Scale},
  author={Ren, Xiaoqi and Ananthanarayanan, Ganesh and Wierman, Adam and Yu, Minlan},
  booktitle={SIGCOMM},
  year={2015}
}

@inproceedings{spec-boosting,
  title={Boosting beyond static scheduling in a superscalar processor},
  author={Smith, Michael D and Lam, Monica S and Horowitz, Mark A},
  booktitle={ISCA},
  year={1990},
}

@article{spec-optimistic,
  title={On optimistic methods for concurrency control},
  author={Kung, Hsiang-Tsung and Robinson, John T},
  journal={ACM Transactions on Database Systems (TODS)},
  volume={6},
  number={2},
  pages={213--226},
  year={1981},
}

@inproceedings{spec-dfs,
  title={Speculative execution in a distributed file system},
  author={Nightingale, Edmund B and Chen, Peter M and Flinn, Jason},
  booktitle={SOSP},
  year={2005},
}

@article{power-of-2,
    author = {Michael Mitzenmacher and Andrea W. Richa and Ramesh Sitaraman},
    title = {The Power of Two Random Choices: A Survey of Techniques and Results},
    journal = {Handbook of Randomized Computing},
    year = {2001},
    pages = {255--312},
    issue = {1},
    publisher = {Kluwer Academic Press}
}

@inproceedings{chain-replication,
    author = {Robbert van Renesse and Fred B. Schneider},
    title = {Chain Replication for Supporting High Throughput and Availability},
    booktitle = {OSDI},
    year = {2004}
}

@inproceedings{net-prog,
    author = {Guohui Wang and Ng, T. S. Eugene and Anees Shaikh},
    title = {Programming Your Network at Run-time for Big Data Applications},
    booktitle = {HotSDN},
    year = {2012}
}

@inproceedings{periscope,
  author = {Zhenyu Guo and Xuepeng Fan and Rishan Chen and Jiaxing Zhang and Hucheng Zhou and Sean McDirmid and Chang Liu and Wei Lin and Jingren Zhou and Lidong Zhou},
    title = {Spotting Code Optimizations in Data-Parallel Pipelines through {PeriSCOPE}},
    booktitle = {OSDI},
    year = {2012}
}

@inproceedings{fb-warehouse,
  author = {Ashish Thusoo and Zheng Shao and Suresh Anthony and Dhruba Borthakur and Namit Jain and Joydeep Sen Sarma and Raghotham Murthy and Hao Liu},
    title = {Data Warehousing and Analytics Infrastructure at {{\facebook}}},
    booktitle = {SIGMOD},
    year = {2010}
}

@misc{thessdreview,
  title = "{{The SSD Review}}",
  howpublished= "\url{http://goo.gl/Km2Lt}"
}

@inproceedings{harp,
  author = {P. Bodik and I. Menache and M. Chowdhury and P. Mani and D. Maltz and I. Stoica},
	title = {Surviving Failures in Bandwidth-Constrained Datacenters},
	booktitle = {SIGCOMM},
	year = {2012},
} 

@misc{fb-techcrunch,
  title = "{How Big is {\facebook}'s Data? 2.5 Billion Pieces Of Content And 500+ Terabytes Ingested Every Day}",
  howpublished= "TechCrunch \url{http://goo.gl/n8xhq}"
}

@inproceedings{f4,
  title={F4: Facebookâ€™s warm {BLOB} storage system},
  author={Muralidhar, Subramanian and Lloyd, Wyatt and Roy, Sabyasachi and Hill, Cory and Lin, Ernest and Liu, Weiwen and Pan, Satadru and Shankar, Shiva and Sivakumar, Viswanath and Tang, Linpeng and others},
  booktitle={OSDI},
  year={2014}
}

@inproceedings{pelican,
  title={Pelican: A building block for exascale cold data storage},
  author={Balakrishnan, Shobana and Black, Richard and Donnelly, Austin and England, Paul and Glass, Adam and Harper, Dave and Legtchenko, Sergey and Ogus, Aaron and Peterson, Eric and Rowstron, Antony},
  booktitle={OSDI},
  year={2014},
}

@inproceedings{hitchhiker,
  title={A {``Hitchhiker's''} guide to fast and efficient data reconstruction in erasure-coded data centers},
  author={Rashmi, Korlakai Vinayak and Shah, Nihar B and Gu, Dikang and Kuang, Hairong and Borthakur, Dhruba and Ramchandran, Kannan},
  booktitle={SIGCOMM},
  year={2014},
}

@inproceedings{lrc,
  title={Rethinking erasure codes for cloud file systems: minimizing {I/O} for recovery and degraded reads},
  author={Khan, Osama and Burns, Randal C and Plank, James S and Pierce, William and Huang, Cheng},
  booktitle={FAST},
  year={2012}
}

@article{pmcode,
  title={Optimal exact-regenerating codes for distributed storage at the {MSR} and {MBR} points via a product-matrix construction},
  author={Rashmi, Korlakai Vinayak and Shah, Nihar B and Kumar, P Vijay},
  journal={IEEE Transactions on Information Theory},
  volume={57},
  number={8},
  pages={5227--5239},
  year={2011},
}

@incollection{vlb,
  title={Designing a predictable {Internet} backbone with valiant load-balancing},
  author={Zhang-Shen, Rui and McKeown, Nick},
  booktitle={IWQoS},
  year={2005},
}

@inproceedings{fds,
  author = {Ed Nightingale and Jeremy Elson and Owen Hofmann and Yutaka Suzue and Jinliang Fan and Jon Howell},
	title = {{Flat Datacenter Storage}},
	booktitle = {OSDI},
	year = {2012},
} 

@misc{fds-report,
  author = {Johnson Apacible and Rich Draves and Jeremy Elson and Jinliang Fan and Owen Hofmann and Jon Howell and Ed Nightingale and Reuben Olinksy and Yutaka Suzue},
  title = "{MinuteSort with Flat Datacenter Storage}",
  howpublished= "\url{http://goo.gl/JbFSU}"
} 


@inproceedings{cohadoop,
  author = {Eltabakh, Mohamed Y. and Tian, Yuanyuan and \"{O}zcan, Fatma and Gemulla, Rainer and Krettek, Aljoscha and McPherson, John},
	title = {{CoHadoop}: Flexible Data Placement and Its Exploitation in Hadoop},
	booktitle = {VLDB},
	year = {2011},
} 

@inproceedings{wheelfs,
  author = {Jeremy Stribling and Yair Sovran and Irene Zhang and Xavid Pretzer
and Jinyang Li and M. Frans Kaashoek and Robert Morris},
  title = {Flexible, Wide-Area Storage for Distributed Systems with WheelFS},
  booktitle = {NSDI},
  year = {2009},
}

@article{cc-view,
  title={A view of cloud computing},
  author={Armbrust, Michael and Fox, Armando and Griffith, Rean and Joseph, Anthony D and Katz, Randy and Konwinski, Andy and Lee, Gunho and Patterson, David and Rabkin, Ariel and Stoica, Ion and others},
  journal={Communications of the ACM},
  volume={53},
  number={4},
  pages={50--58},
  year={2010},
}

@inproceedings{was,
  title={{Windows Azure Storage}: A Highly Available Cloud Storage Service with Strong Consistency},
  author={Calder, Brad and Wang, Ju and Ogus, Aaron and Nilakantan, Niranjan and Skjolsvold, Arild and McKelvie, Sam and Xu, Yikang and Srivastav, Shashwat and Wu, Jiesheng and Simitci, Huseyin and Haridas, Jaidev and Uddaraju, Chakravarthy and Khatri, Hemal and Edwards, Andrew and Bedekar, Vaman and Mainali, Shane and Abbasi, Rafay and Agarwal, Arpit and Haq, Mian Fahim ul and Haq, Muhammad Ikram ul and Bhardwaj, Deepali and Dayanand, Sowmya and Adusumilli, Anitha and McNett, Marvin and Sankaran, Sriram and Manivannan, Kavitha and Rigas, Leonidas},
  booktitle={SOSP},
  year={2011},
}

@article{nc-scheduling,
  title={Nonclairvoyant scheduling},
  author={Motwani, Rajeev and Phillips, Steven and Torng, Eric},
  journal={Theoretical Computer Science},
  volume={130},
  number={1},
  pages={17--47},
  year={1994},
}

@article{nonapporx-single,
  title={Approximability and nonapproximability results for minimizing total flow time on a single machine},
  author={Kellerer, H. and Tautenhahn, T. and Woeginger, G.},
  journal={SIAM Journal on Computing},
  volume={28},
  number={4},
  pages={1155--1166},
  year={1999},
}

@article{approx-parallel,
  author = {Noga Alon and Yossi Azar and Gerhard J. Woeginger and Tal Yadid},
  title = {Approximation Schemes for Scheduling on Parallel Machines},
  journal = {Journal of Scheduling},
  year = {1998},
  volume = {1},
  pages = {55--66}
}

@article{approx-unrelated,
  title={Approximation Algorithms for Scheduling Unrelated Parallel Machines},
  author={Lenstra, J.K. and Shmoys, D.B. and Tardos, {\'E}.},
  journal={Mathematical Programming},
  volume={46},
  number={1},
  pages={259--271},
  year={1990},
}

@article{approx-unrelated-improv,
  title={Improved Approximation Schemes for Scheduling Unrelated Parallel Machines},
  author={Jansen, K. and Porkolab, L.},
  journal={Mathematics of Operations Research},
  volume={26},
  number={2},
  pages={324--338},
  year={2001},
}

@article{sjf,
  title={The complexity of flowshop and jobshop scheduling},
  author={Garey, Michael R and Johnson, David S and Sethi, Ravi},
  journal={Mathematics of operations research},
  volume={1},
  number={2},
  pages={117--129},
  year={1976},
}

@article{garey-johnson,
  title={``{S}trong'' {NP}-Completeness Results: Motivation, Examples, and Implications},
  author={Garey, M.R. and Johnson, D.S.},
  journal={Journal of the ACM},
  volume={25},
  number={3},
  pages={499--508},
  year={1978},
}

@article{parallel-online,
  title={Scheduling parallel machines on-line},
  author={Shmoys, D.B. and Wein, J. and Williamson, D.P.},
  journal={SIAM Journal on Computing},
  volume={24},
  number={6},
  pages={1313--1331},
  year={1995},
}

@article{graham66,
  title={Bounds for certain multiprocessing anomalies},
  author={Graham, R.L.},
  journal={Bell System Technical Journal},
  volume={45},
  number={9},
  pages={1563--1581},
  year={1966}
}

@article{graham69,
  title={Bounds on multiprocessing timing anomalies},
  author={Graham, R.L.},
  journal={SIAM Journal on Applied Mathematics},
  volume={17},
  number={2},
  pages={416--429},
  year={1969},
}

@misc{s3-objects,
  title = "{Total number of objects stored in {Amazon S3}}",
  howpublished= "\url{http://goo.gl/WTh6o}"
}

@inproceedings{coflow-hotnets,
  title={Coflow: A Networking Abstraction for Cluster Applications},
  author = {Mosharaf Chowdhury and Ion Stoica},
  booktitle={HotNets},
  year={2012},
}

@inproceedings{oasis,
  title={{OASIS}: Anycast for any service},
  author={Freedman, M.J. and Lakshminarayanan, K. and Mazi{\`e}res, D.},
  year={2006},
  organization={NSDI}
}

@article{app-anycast,
  title={Scalable application-level anycast for highly dynamic groups},
  author={Castro, M. and Druschel, P. and Kermarrec, A.M. and Rowstron, A.},
  journal={LNCS},
  volume={2816},
  pages={47--57},
  year={2003},
}

@inproceedings{splunk-analysis,
  title={Analyzing log analysis: An empirical study of user log mining},
  author={Alspaugh, Sara and Chen, Beidi and Lin, Jessica and Ganapathi, Archana and Hearst, Marti and Katz, Randy},
  booktitle={LISA},
  year={2014}
}

@inproceedings{cake,
  title={Cake: Enabling high-level {SLOs} on shared storage systems},
  author={Wang, Andrew and Venkataraman, Shivaram and Alspaugh, Sara and Katz, Randy and Stoica, Ion},
  booktitle={SOCC},
  year={2012},
}

@inproceedings{pane,
  title={Participatory Networking: An {API} for Application Control of {SDN}s},
  author={Ferguson, Andrew D and Guha, Arjun and Liang, Chen and Fonseca, Rodrigo and Krishnamurthi, Shriram},
  booktitle={SIGCOMM},
  year={2013}
}

@inproceedings{merlin-hotnets,
  title={Managing the Network with {Merlin}},
  author={Robert SoulÃ© and Shrutarshi Basu and Robert Kleinberg and Emin GÃ¼n Sirer and Nate Foster},
  booktitle={HotNets},
  year={2013}
}

@inproceedings{pulsar,
  title={End-to-end performance isolation through virtual datacenters},
  author={Angel, Sebastian and Ballani, Hitesh and Karagiannis, Thomas and O'Shea, Greg and Thereska, Eno},
  booktitle={OSDI},
  year={2014},
}

@inproceedings{silo,
  title={Silo: Predictable Message Completion Time in the Cloud},
  author={Jang, Keon and Sherry, Justine and Ballani, Hitesh and Moncaster, Toby},
  booktitle={SIGCOMM},
  year={2015},
}

@inproceedings{pias,
  title={Information-Agnostic Flow Scheduling for Commodity Data Centers},
  author={Bai, Wei and Chen, Li and Chen, Kai and Han, Dongsu and Tian, Chen and Wang, Hao},
  booktitle={NSDI},
  year={2015}
}

@inproceedings{tvn,
  title={The only constant is change: Incorporating time-varying network reservations in data centers},
  author={Xie, Di and Ding, Ning and Hu, Y Charlie and Kompella, Ramana},
  booktitle={SIGCOMM},
  year={2012},
}

@inproceedings{oktopus,
  title={Towards predictable datacenter networks},
  author={Ballani, Hitesh and Costa, Paolo and Karagiannis, Thomas and Rowstron, Ant},
  booktitle={SIGCOMM},
  year={2011}
}

@inproceedings{hadrian,
  title={Chatty tenants and the cloud network sharing problem},
  author={Ballani, Hitesh and Jang, Keon and Karagiannis, Thomas and Kim, Changhoon and Gunawardena, Dinan and Oâ€™Shea, Greg},
  booktitle={USENIX NSDI},
  pages={171--184},
  year={2013},
}

@inproceedings{elasticswitch,
  title={{ElasticSwitch}: Practical Work-Conserving Bandwidth Guarantees for Cloud Computing},
  author={Lucian Popa and Praveen Yalagandula and Sujata Banerjee and Jeffrey C. Mogul and Yoshio Turner and Jose Renato Santos},
  booktitle={SIGCOMM},
  year={2013},
}

@inproceedings{tag-model,
  title={Application-driven bandwidth guarantees in datacenters},
  author={Lee, Jeongkeun and Turner, Yoshio and Lee, Myungjin and Popa, Lucian and Banerjee, Sujata and Kang, Joon-Myung and Sharma, Puneet},
  booktitle={SIGCOMM},
  year={2014},
}

@inproceedings{faircloud,
  Author = {L. Popa and G. Kumar and M. Chowdhury and A. Krishnamurthy and S. Ratnasamy and I. Stoica},
	Booktitle = {SIGCOMM},
	Title = {{FairCloud}: Sharing the Network in Cloud Computing},
	Year = 2012
}

@article{hadoop-allreduce,
  title={A Reliable Effective Terascale Linear Learning System},
  author={Agarwal, Alekh and Chapelle, Olivier and Dud{\'\i}k, Miroslav and Langford, John},
  journal={arXiv preprint arXiv:1110.4198v2},
  year={2012}
}

@inproceedings{d3,
	author = {Wilson, Christo and Ballani, Hitesh and Karagiannis, Thomas and Rowstron, Ant},
	title = {Better Never than Late: Meeting Deadlines in Datacenter Networks},
	booktitle = {SIGCOMM},
	year = {2011},
} 

@phdthesis{rcp,
  title={Rate Control Protocol ({RCP}): Congestion control to make flows complete quickly},
  author={Dukkipati, Nandita},
  year={2007},
  school={Stanford University}
}

@inproceedings{pdq,
	Author = {Chi-Yao Hong and Matthew Caesar and P. Brighten Godfrey},
	Booktitle = {SIGCOMM},
	Title = {Finishing Flows Quickly with Preemptive Scheduling},
	Year = 2012
}

@inproceedings{hull,
  title={Less is more: Trading a little bandwidth for ultra-low latency in the data center},
  author={Alizadeh, Mohammad and Kabbani, Abdul and Edsall, Tom and Prabhakar, Balaji and Vahdat, Amin and Yasuda, Masato},
  booktitle={NSDI},
  year={2012},
}

@inproceedings{detail,
	Author = {David Zats and Tathagata Das and Prashanth Mohan and Dhruba Borthakur and Randy Katz},
	Booktitle = {SIGCOMM},
	Title = {DeTail: Reducing the Flow Completion Time Tail in Datacenter Networks},
	Year = 2012
}

@inproceedings{pfabric,
	Author = {Mohammad Alizadeh and Shuang Yang and Milad Sharif and Sachin Katti and Nick Mckeown and Balaji Prabhakar and Scott Shenker},
	Booktitle = {SIGCOMM},
	Title = {{pFabric}: Minimal Near-Optimal Datacenter Transport},
	Year = 2013
}

@inproceedings{sinbad,
	Author = {Mosharaf Chowdhury and Srikanth Kandula and Ion Stoica},
	Booktitle = {SIGCOMM},
	Title = {Leveraging Endpoint Flexibility in Data-Intensive Clusters},
	Year = 2013
}

@inproceedings{rhea,
	Author = {Christos Gkantsidis and Dimitrios Vytiniotis and Orion Hodson and Dushyanth Narayanan and Florin Dinu and Antony Rowstron},
	Booktitle = {NSDI},
	Title = {Rhea: Automatic Filtering for Unstructured Cloud Storage},
	Year = 2013
}

% OPEN SHOP
@article{concurrent-openshop,
  title={Order scheduling in an environment with dedicated resources in parallel},
  author={Leung, Joseph Y-T and Li, Haibing and Pinedo, Michael},
  journal={Journal of Scheduling},
  volume={8},
  number={5},
  pages={355--386},
  year={2005},
}

@inproceedings{conc-openshop-2-approx-lp,
  title={Order scheduling models: Hardness and algorithms},
  author={Garg, Naveen and Kumar, Amit and Pandit, Vinayaka},
  booktitle={FSTTCS},
  pages={96--107},
  year={2007},
}

@article{conc-openshop-2-approx-comb,
  title={Minimizing the sum of weighted completion times in a concurrent open shop},
  author={Mastrolilli, Monaldo and Queyranne, Maurice and Schulz, Andreas S and Svensson, Ola and Uhan, Nelson A},
  journal={Operations Research Letters},
  volume={38},
  number={5},
  pages={390--395},
  year={2010},
}

@article{conc-openshop-complexity,
  title={A note on the complexity of the concurrent open shop problem},
  author={Roemer, Thomas A},
  journal={Journal of Scheduling},
  volume={9},
  number={4},
  pages={389--396},
  year={2006},
}

@article{bsp,
  title={A bridging model for parallel computation},
  author={Valiant, Leslie G},
  journal={Communications of the ACM},
  volume={33},
  number={8},
  pages={103--111},
  year={1990},
}

@techreport{pants,
  Author = {Ananthanarayanan, Ganesh and Heimerl, Kurtis and Zaharia, Matei and Demmer, Michael and Koponen, Teemu and Tavakoli, Arsalan and Shenker, Scott and Stoica, Ion},
  Title = {Enabling Innovation Below the Communication {API}},
  Institution = {EECS, UC Berkeley},
  Year = {2009},
  Month = {Oct},
  Number = {UCB/EECS-2009-141}
}

@inproceedings{dot,
  author = {Niraj Tolia and Michael Kaminsky and David G. Andersen and Swapnil Patil},
	title = {An Architecture for {I}nternet Data Transfer},
	booktitle = {NSDI},
  year=2006
}

@article{critical-path-def,
  title={Critical-path planning and scheduling: Mathematical basis},
  author={Kelley, James E},
  journal={Operations Research},
  volume={9},
  number={3},
  pages={296--320},
  year={1961},
}

@article{cpm,
  title={The critical-path method: Resources planning and scheduling},
  author={Kelley, James E},
  journal={Industrial scheduling},
  volume={13},
  pages={347--365},
  year={1963},
}

@misc{trident,
  title = "Trident: Stateful Stream Processing on {Storm}",
  howpublished= "\url{http://storm.apache.org/documentation/Trident-tutorial.html}"
}

@article{millwheel,
  title={{MillWheel}: Fault-tolerant stream processing at {Internet} scale},
  author={Akidau, Tyler and Balikov, Alex and Bekiro{\u{g}}lu, Kaya and Chernyak, Slava and Haberman, Josh and Lax, Reuven and McVeety, Sam and Mills, Daniel and Nordstrom, Paul and Whittle, Sam},
  journal={VLDB},
  year={2013},
}

@inproceedings{cicada,
  title={Cicada: Introducing Predictive Guarantees for Cloud Networks},
  author={K. LaCurts and J. Mogul and H. Balakrishnan and Y. Turner},
  booktitle={HotCloud},
  year={2014},
}

@article{netshare,
  title={{NetShare} and {Stochastic NetShare}: Predictable bandwidth allocation for data centers},
  author={Vinh The Lam and Sivasankar Radhakrishnan and Amin Vahdat and George Varghese and Rong Pan},
  journal={SIGCOMM CCR},
  volume={42},
  number={3},
  pages={5--11},
  year={2012},
}

@inproceedings{secondnet,
  title={{SecondNet}: A data center network virtualization architecture with bandwidth guarantees},
  author={Guo, Chuanxiong and Lu, Guohan and Wang, Helen J and Yang, Shuang and Kong, Chao and Sun, Peng and Wu, Wenfei and Zhang, Yongguang},
  booktitle={CoNEXT},
  year={2010},
}

@inproceedings{gatekeeper,
  author = {Rodrigues, Henrique and Santos , Jose Renato and Turner, Yoshio and Soares, Paolo and Guedes, Dorgival},
  booktitle = {USENIX WIOV},
  title = {Gatekeeper: Supporting Bandwidth Guarantees for Multi-tenant Datacenter Networks},
  year = 2011
}

@inproceedings{tetris,
  title={Multi-Resource Packing for Cluster Schedulers},
  author={Robert Grandl and Ganesh Ananthanarayanan and Srikanth Kandula and Sriram Rao and Aditya Akella},
  booktitle={SIGCOMM},
  year={2014},
}


@inproceedings{naiad,
  author = {Derek G. Murray and Frank McSherry and Rebecca Isaacs and Michael Isard and Paul Barham and Martin Abadi},
	title = {Naiad: A Timely Dataï¬‚ow System},
	booktitle = {SOSP},
	year = "2013"
}

@inproceedings{eyeq,
  author = {Vimalkumar Jeyakumar and Mohammad Alizadeh and David Mazieres and Balaji Prabhakar and Changhoon Kim and Albert Greenberg},
	title = {{EyeQ}: Practical Network Performance Isolation at the Edge},
	booktitle = {NSDI},
	year = "2013"
}

@inproceedings{hosemodel,
  title={A flexible model for resource management in virtual private networks},
  author={Duffield, Nick G and Goyal, Pawan and Greenberg, Albert and Mishra, Partho and Ramakrishnan, Kadangode K and van der Merive, Jacobus E},
  booktitle={SIGCOMM},
  year={1999},
}

@inproceedings{bigswitch,
  author = {Nanxi Kang and Zhenming Liu and Jennifer Rexford and David Walker},
	title = {Optimizing the {``One Big Switch''} Abstraction in {Software-Defined Networks}},
	booktitle = {CoNEXT},
	year = "2013"
}

@inproceedings{baraat,
  author = {Dogar, Fahad and Karagiannis, Thomas and Ballani, Hitesh and Rowstron, Ant},
  title = {Decentralized Task-Aware Scheduling for Data Center Networks},
  booktitle = {SIGCOMM},
  year = "2014"
}

@inproceedings{varys,
  author = {Mosharaf Chowdhury and Yuan Zhong and Ion Stoica},
  title = {Efficient Coflow Scheduling with {Varys}},
  booktitle = {SIGCOMM},
  year = "2014"
}

@inproceedings{aalo,
  author = {Mosharaf Chowdhury and Ion Stoica},
  title = {Efficient Coflow Scheduling Without Prior Knowledge},
  booktitle = {SIGCOMM},
  year = "2015"
}

@inproceedings{omega,
  title={Omega: Flexible, scalable schedulers for large compute clusters},
  author={Schwarzkopf, Malte and Konwinski, Andy and Abd-El-Malek, Michael and Wilkes, John},
  booktitle={EuroSys},
  year={2013},
}

@inproceedings{borg,
  title={Large-scale cluster management at {Google} with {Borg}},
  author={Verma, Abhishek and Pedrosa, Luis and Korupolu, Madhukar and Oppenheimer, David and Tune, Eric and Wilkes, John},
  booktitle={EuroSys},
  year={2015},
}

@inproceedings{hug,
  author = {Mosharaf Chowdhury and Zhenhua Liu and Ali Ghodsi and Ion Stoica},
  title = {{HUG}: Multi-Resource Fairness for Correlated and Elastic Demands},
  booktitle = {NSDI},
  year = "2016"
}

@inproceedings{coflow-approx,
  author = {Zhen Qiu and Cliff Stein and Yuan Zhong},
  title = {Minimizing the Total Weighted Completion Time of
Coflows in Datacenter Networks},
  booktitle = {SPAA},
  year = "2015"
}

@inproceedings{corral,
  title={Network-Aware Scheduling for Data-Parallel Jobs: Plan When You Can},
  author={Jalaparti, Virajith and Bodik, Peter and Menache, Ishai and Rao, Sriram and Makarychev, Konstantin and Caesar, Matthew},
  booktitle={SIGCOMM},
  year={2015},
}

@inproceedings{rapier,
  title={{RAPIER}: Integrating Routing and Scheduling for Coflow-aware Data Center Networks},
  author={Zhao, Yangming and Chen, Kai and Bai, Wei and Tian, Chen and Geng, Yanhui and Zhang, Yiming and Li, Dan and Wang, Sheng},
  booktitle={INFOCOM},
  year={2015}
}

@inproceedings{jockey,
  title={Jockey: Guaranteed Job Latency in Data Parallel Clusters},
  author={Ferguson, Andrew D and Bodik, Peter and Kandula, Srikanth and Boutin, Eric and Fonseca, Rodrigo},
  booktitle={Eurosys},
  pages={99--112},
  year={2012},
}

@inproceedings{xcp,
  title={Congestion control for high bandwidth-delay product networks},
  author={Katabi, Dina and Handley, Mark and Rohrs, Charlie},
  booktitle={SIGCOMM},
  year={2002},
}

@inproceedings{d2tcp,
  title={Deadline-aware datacenter {TCP} ({D2TCP})},
  author={Vamanan, Balajee and Hasan, Jahangir and Vijaykumar, TN},
  booktitle={SIGCOMM},
  year={2012},
}

@inproceedings{ictcp,
  title={{ICTCP}: Incast congestion control for {TCP} in data-center networks},
  author={Wu, Haitao and Feng, Zhenqian and Guo, Chuanxiong and Zhang, Yongguang},
  booktitle={CoNEXT},
  year={2010},
}

@inproceedings{dctcp,
  title={{Data Center TCP (DCTCP)}},
  author={Alizadeh, Mohammad and Greenberg, Albert and Maltz, David A and Padhye, Jitendra and Patel, Parveen and Prabhakar, Balaji and Sengupta, Sudipta and Sridharan, Murari},
  booktitle={SIGCOMM},
  year={2010},
}

@inproceedings{mptcp,
  title={Improving datacenter performance and robustness with multipath {TCP}},
  author={Raiciu, Costin and Barre, Sebastien and Pluntke, Christopher and Greenhalgh, Adam and Wischik, Damon and Handley, Mark},
  booktitle={SIGCOMM},
  year={2011},
}

@inproceedings{conga,
  title={{CONGA}: Distributed Congestion-Aware Load Balancing for Datacenters},
  author={Alizadeh, Mohammad and Edsall, Tom and Dharmapurikar, Sarang and Vaidyanathan, Ramanan and Chu, Kevin and Fingerhut, Andy and Matus, Francis and Pan, Rong and Yadav, Navindra and Varghese, George},
  booktitle={SIGCOMM},
  year={2014},
}

@inproceedings{blinkdb,
  title={{BlinkDB}: Queries with bounded errors and bounded response times on very large data},
  author={Agarwal, Sameer and Mozafari, Barzan and Panda, Aurojit and Milner, Henry and Madden, Samuel and Stoica, Ion},
  booktitle={EuroSys},
  year={2013},
}

@inproceedings{farm,
  title={{FaRM}: Fast Remote Memory},
  author={Dragojevi{\'c}, Aleksandar and Narayanan, Dushyanth and Hodson, Orion and Castro, Miguel},
  booktitle={NSDI},
  year={2014},
}

@inproceedings{multics,
  title={An experimental time-sharing system},
  author={Corbat{\'o}, Fernando J and Merwin-Daggett, Marjorie and Daley, Robert C},
  booktitle={Spring Joint Computer Conference},
  pages={335--344},
  year={1962},
}

@article{fb-survey,
  title={The {F}oreground--{B}ackground queue: A survey},
  author={Nuyens, Misja and Wierman, Adam},
  journal={Performance Evaluation},
  volume={65},
  number={3},
  pages={286--307},
  year={2008},
}

@article{static-dag-scheduling,
  title={Static scheduling algorithms for allocating directed task graphs to multiprocessors},
  author={Kwok, Yu-Kwong and Ahmad, Ishfaq},
  journal={ACM Computing Surveys},
  volume={31},
  number={4},
  pages={406--471},
  year={1999},
}

@book{coffman-scheduling-book,
  title={Computer and job-shop scheduling theory},
  author={Coffman, Edward Grady and Bruno, John L},
  year={1976},
  publisher={John Wiley \& Sons}
}

@article{feedback-queueing,
  title={Feedback queueing models for time-shared systems},
  author={Coffman, Edward G and Kleinrock, Leonard},
  journal={Journal of the ACM},
  volume={15},
  number={4},
  pages={549--576},
  year={1968},
}

@inproceedings{atlas,
  title={{ATLAS}: A scalable and high-performance scheduling algorithm for multiple memory controllers},
  author={Kim, Yoongu and Han, Dongsu and Mutlu, Onur and Harchol-Balter, Mor},
  booktitle={HPCA},
  year={2010},
}

@incollection{workflow-scheduling-survey,
  title={Workflow scheduling algorithms for grid computing},
  author={Yu, Jia and Buyya, Rajkumar and Ramamohanarao, Kotagiri},
  booktitle={Metaheuristics for Scheduling in Distributed Computing Environments},
  pages={173--214},
  year={2008},
}

@inproceedings{push-sum,
  title={Gossip-based computation of aggregate information},
  author={Kempe, David and Dobra, Alin and Gehrke, Johannes},
  booktitle={FOCS},
  year={2003},
}

@inproceedings{fastpass,
  title={Fastpass: A Centralized ``Zero-Queue'' Datacenter Network},
  author={Perry, Jonathan and Ousterhout, Amy and Balakrishnan, Hari and Shah, Deverat and Fugal, Hans},
  booktitle={SIGCOMM},
  year={2014},
}

@incollection{las-multi-bottleneck,
  title={On the variance of the least attained service policy and its use in multiple bottleneck networks},
  author={Auchmann, Matthias and Urvoy-Keller, Guillaume},
  booktitle={Network Control and Optimization},
  pages={70--77},
  year={2009},
  publisher={Springer}
}

@article{las-job-dist,
  title={Analysis of {LAS} scheduling for job size distributions with high variance},
  author={Rai, Idris A and Urvoy-Keller, Guillaume and Biersack, Ernst W},
  journal={ACM SIGMETRICS Performance Evaluation Review},
  volume={31},
  number={1},
  pages={218--228},
  year={2003},
}

@incollection{mlfq-remzi,
  author      = "Remzi H. Arpaci-Dusseau and Andrea C. Arpaci-Dusseau",
  title       = "Scheduling: The Multi-Level Feedback Queue",
  booktitle   = "Operating Systems: Three Easy Pieces",
  year        = 2014,
}

@inproceedings{dist-order-scheduling,
  title={Distributed order scheduling and its application to multi-core {DRAM} controllers},
  author={Moscibroda, Thomas and Mutlu, Onur},
  booktitle={PODC},
  year={2008},
}

@inproceedings{l2dct,
  title={Minimizing flow completion times in data centers},
  author={Munir, Ali and Qazi, Ihsan A and Uzmi, Zartash A and Mushtaq, Aisha and Ismail, Saad N and Iqbal, M Safdar and Khan, Basma},
  booktitle={INFOCOM},
  year={2013},
}

@inproceedings{ahimsa,
  title={A Case for Performance-Centric Network Allocation},
  author={Kumar, Gautam and Chowdhury, Mosharaf and Ratnasamy, Sylvia and Stoica, Ion},
  booktitle={HotCloud},
  year={2012}
}

@inproceedings{heavy-tails-fundamental,
  title={The Fundamentals of Heavy Tails: Properties, Emergence, and Identification},
  author={Jayakrishnan Nair and Adam Wierman and Bert Zwart},
  booktitle={SIGMETRICS},
  year={2013},
}

@article{why-apis-hard-1,
  title={Why are {APIs} difficult to learn and use?},
  author={Scaffidi, Christopher},
  journal={Crossroads},
  volume={12},
  number={4},
  pages={4--4},
  year={2006},
}

@article{why-apis-hard-2,
  title={What makes {APIs} hard to learn? {A}nswers from developers},
  author={Robillard, Martin P},
  journal={IEEE Software},
  volume={26},
  number={6},
  pages={27--34},
  year={2009},
}

@article{itc-survey,
  title={A survey of techniques for {Internet} traffic classification using machine learning},
  author={Nguyen, Thuy TT and Armitage, Grenville},
  journal={IEEE Communications Surveys \& Tutorials},
  volume={10},
  number={4},
  pages={56--76},
  year={2008},
  publisher={IEEE}
}

@inproceedings{blinc,
  title={{BLINC}: multilevel traffic classification in the dark},
  author={Karagiannis, Thomas and Papagiannaki, Konstantina and Faloutsos, Michalis},
  booktitle={SIGCOMM},
  year={2005},
}

@incollection{itc-ml,
  title={Flow clustering using machine learning techniques},
  author={McGregor, Anthony and Hall, Mark and Lorier, Perry and Brunskill, James},
  booktitle={PAM},
  year={2004},
}

@article{itc-fly,
  title={Traffic classification on the fly},
  author={Bernaille, Laurent and Teixeira, Renata and Akodkenou, Ismael and Soule, Augustin and Salamatian, Kave},
  journal={SIGCOMM CCR},
  volume={36},
  number={2},
  pages={23--26},
  year={2006},
}

@article{itc-bayesian,
  title={{Internet} traffic classification using {Bayesian} analysis techniques},
  author={Moore, Andrew W and Zuev, Denis},
  booktitle={ACM SIGMETRICS Performance Evaluation Review},
  volume={33},
  number={1},
  pages={50--60},
  year={2005},
  organization={ACM}
}

@article{jaffe-maxmin,
  title={Bottleneck flow control},
  author={Jaffe, Jeffrey M},
  journal={IEEE Transactions on Communications},
  volume={29},
  number={7},
  pages={954--962},
  year={1981},
}

@article{prisoners-dilemma,
  title={Some Experimental Games},
  author={Flood, Merrill M},
  journal={Management Science},
  volume={5},
  number={1},
  pages={5--26},
  year={1958},
}

@article{nash-bargaining,
  title={The bargaining problem},
  author={Nash Jr, John F},
  journal={Econometrica: Journal of the Econometric Society},
  pages={155--162},
  year={1950},
}

@article{ceei-1,
  title={Equity, envy, and efficiency},
  author={Varian, Hal R},
  journal={Journal of economic theory},
  volume={9},
  number={1},
  pages={63--91},
  year={1974},
}

@article{above-the-clouds,
  title={A view of cloud computing},
  author={Armbrust, Michael and Fox, Armando and Griffith, Rean and Joseph, Anthony D and Katz, Randy and Konwinski, Andy and Lee, Gunho and Patterson, David and Rabkin, Ariel and Stoica, Ion and others},
  journal={Communications of the ACM},
  volume={53},
  number={4},
  pages={50--58},
  year={2010},
}

@inproceedings{cloudward-bound,
  title={Cloudward bound: Planning for beneficial migration of enterprise applications to the cloud},
  author={Hajjat, Mohammad and Sun, Xin and Sung, Yu-Wei Eric and Maltz, David and Rao, Sanjay and Sripanidkulchai, Kunwadee and Tawarmalani, Mohit},
  booktitle={SIGCOMM},
  year={2010},
}

@article{max-flow-min-cut,
  title={Maximal flow through a network},
  author={Ford, Lester R and Fulkerson, Delbert R},
  journal={Canadian Journal of Mathematics},
  volume={8},
  number={3},
  pages={399--404},
  year={1956}
}

@inproceedings{scedplus,
  title={{SCED+}: Efficient management of quality of service guarantees},
  author={Cruz, Rene L},
  booktitle={INFOCOM},
  year={1998},
}

@techreport{hfsc-best-effort,
  title={Supporting best-effort traffic with fair service curve},
  author={Ng, TS Eugene and Stephens, Donpaul C and Stoica, Ion and Zhang, Hui},
  institution = {Carnegie Mellon University},
  Number = {CMU-CS-99-169},
  year = {1999}
}

@article{cruz-sc,
  title={Service burstiness and dynamic burstiness measures: A framework},
  author={Cruz, Rene L},
  journal={Journal of High Speed Networks},
  volume={1},
  number={2},
  pages={105--127},
  year={1992},
}

@article{golestani-virtual-time,
  title={Network delay analysis of a class of fair queueing algorithms},
  author={Golestani, S. Jamaloddin},
  journal={IEEE JSAC},
  volume={13},
  number={6},
  pages={1057--1070},
  year={1995},
}

@inproceedings{drl,
  title={Cloud control with distributed rate limiting},
  author={Raghavan, Barath and Vishwanath, Kashi and Ramabhadran, Sriram and Yocum, Kenneth and Snoeren, Alex C},
  booktitle={SIGCOMM},
  year={2007},
}

@article{parekh-ps,
  title={A generalized processor sharing approach to flow control in integrated services networks: The single-node case},
  author={Parekh, Abhay K and Gallager, Robert G},
  journal={IEEE/ACM ToN},
  volume={1},
  number={3},
  pages={344--357},
  year={1993},
}

@InProceedings{vineyard-infocom09,
  Title                    = {Virtual Network Embedding with Coordinated Node and Link Mapping},
  Author                   = {N. M. M. K. Chowdhury and M. R. Rahman and R. Boutaba},
  Booktitle                = {INFOCOM},
  Year                     = {2009},
}

@Article{vineyard-ton12,
  Title                    = {{ViNEYard}: Virtual Network Embedding Algorithms with Coordinated Node and Link Mapping},
  Author                   = {M. Chowdhury and M. R. Rahman and R. Boutaba},
  Journal                  = {IEEE/ACM Transactions on Networking},
  Year                     = {2012},
  Number                   = {1},
  Pages                    = {206--219},
  Volume                   = {20},
}

@InProceedings{tarmvine,
  Title                    = {Topology-Awareness and Reoptimization Mechanism for Virtual Network Embedding},
  Author                   = {N. F. Butt and M. Chowdhury and R. Boutaba},
  Booktitle                = {NETWORKING},
  Year                     = {2010},
}

@InProceedings{imark,
  Title                    = {{iMark}: An Identity Management Framework for Network Virtualization Environment},
  Author                   = {N. M. M. K. Chowdhury and F.-E Zaheer and R. Boutaba},
  Booktitle                = {IM},
  Year                     = {2009},
}

@inproceedings{vm-placement-isolation,
  title={Virtual machines placement for network isolation in clouds},
  author={Kim, Gyuyeong and Park, Hoorin and Yu, Jieun and Lee, Wonjun},
  booktitle={RACS},
  year={2012},
}

@inproceedings{cloud-pricing,
  title={Pricing cloud bandwidth reservations under demand uncertainty},
  author={Niu, Di and Feng, Chen and Li, Baochun},
  booktitle={SIGMETRICS},
  year={2012},
}

@inproceedings{tm-estimation,
  title={Traffic matrix estimation: Existing techniques and new directions},
  author={Medina, Alberto and Taft, Nina and Salamatian, Kave and Bhattacharyya, Supratik and Diot, Christophe},
  booktitle={SIGCOMM},
  year={2002},
}

@inproceedings{it-tm-estimation,
  title={An information-theoretic approach to traffic matrix estimation},
  author={Zhang, Yin and Roughan, Matthew and Lund, Carsten and Donoho, David},
  booktitle={SIGCOMM},
  year={2003},
}

@inproceedings{automated-qos,
  title={Automated and scalable {QoS} control for network convergence},
  author={Kim, Wonho and Sharma, Puneet and Lee, Jeongkeun and Banerjee, Sujata and Tourrilhes, Jean and Lee, Sung-Ju and Yalagandula, Praveen},
  booktitle={INM/WREN},
  year={2010}
}

@article{rsvp,
  title={{RSVP}: A new resource reservation protocol},
  author={Zhang, Lixia and Deering, Stephen and Estrin, Deborah and Shenker, Scott and Zappala, Daniel},
  journal={IEEE Network},
  volume={7},
  number={5},
  pages={8--18},
  year={1993},
  publisher={IEEE}
}

@inproceedings{four-d,
  title={A clean slate {4D} approach to network control and management},
  author={Greenberg, Albert and Hjalmtysson, Gisli and Maltz, David A and Myers, Andy and Rexford, Jennifer and Xie, Geoffrey and Yan, Hong and Zhan, Jibin and Zhang, Hui},
  booktitle={SIGCOMM},
  year={2005},
}

@inproceedings{fastrak,
  title={{FasTrak}: Enabling express lanes in multi-tenant data centers},
  author={Niranjan Mysore, Radhika and Porter, George and Vahdat, Amin},
  booktitle={CoNEXT},
  year={2013},
}

@inproceedings{vcrib,
  title={Scalable Rule Management for Data Centers},
  author={Moshref, Masoud and Yu, Minlan and Sharma, Abhishek and Govindan, Ramesh},
  booktitle={NSDI},
  year={2013}
}

@article{r-dbscan,
  title={{Rough-DBSCAN}: A fast hybrid density based clustering method for large data sets},
  author={Viswanath, P and Babu, V Suresh},
  journal={Pattern Recognition Letters},
  volume={30},
  number={16},
  pages={1477--1488},
  year={2009},
}

@inproceedings{bwe,
  title={{BwE}: Flexible, hierarchical bandwidth allocation for {WAN} distributed computing},
  author={Kumar, Alok and Jain, Sushant and Naik, Uday and Raghuraman, Anand and Kasinadhuni, Nikhil and Zermeno, Enrique Cauich and Gunn, C Stephen and Ai, Jing and Carlin, Bj{\"o}rn and Amarandei-Stavila, Mihai and others},
  booktitle={SIGCOMM},
  year={2015},
}

@inproceedings{swan,
  title={Achieving high utilization with software-driven {WAN}},
  author={Hong, Chi-Yao and Kandula, Srikanth and Mahajan, Ratul and Zhang, Ming and Gill, Vijay and Nanduri, Mohan and Wattenhofer, Roger},
  booktitle={SIGCOMM},
  year={2013},
}

@inproceedings{b4,
  title={B4: Experience with a globally-deployed software defined {WAN}},
  author={Jain, Sushant and Kumar, Alok and Mandal, Subhasree and Ong, Joon and Poutievski, Leon and Singh, Arjun and Venkata, Subbaiah and Wanderer, Jim and Zhou, Junlan and Zhu, Min and others},
  booktitle={SIGCOMM},
  year={2013},
}

@inproceedings{bobtail,
  title={Bobtail: Avoiding Long Tails in the Cloud.},
  author={Xu, Yunjing and Musgrave, Zachary and Noble, Brian and Bailey, Michael},
  booktitle={NSDI},
  year={2013}
}

@inproceedings{small-better,
  title={Small is better: Avoiding latency traps in virtualized data centers},
  author={Xu, Yunjing and Bailey, Michael and Noble, Brian and Jahanian, Farnam},
  booktitle={SoCC},
  year={2013},
}

@inproceedings{qjump,
  title={Queues Don't Matter When You Can {JUMP} Them!},
  author={Grosvenor, Matthew P and Schwarzkopf, Malte and Gog, Ionel and Watson, Robert NM and Moore, Andrew W and Hand, Steven and Crowcroft, Jon},
  booktitle={NSDI},
  year={2015}
}

%Zhenhua Liu
@inproceedings{liuopportunities,
  title={Opportunities and Challenges for Data Center Demand Response},
  author={Adam Wierman and Zhenhua Liu and Iris Liu and Hamed Mohsenian-Rad},
  Booktitle = "IGCC",
  year=2014
}

@inproceedings{liu14pricing,
 author = "Zhenhua Liu and Iris Liu and Steven Low and Adam Wierman",
 title = "Pricing data center demand response",
 booktitle = "SIGMETRICS",
 year = 2014,
}

@article{liu2013data,
  title={Data center demand response: Avoiding the coincident peak via workload shifting and local generation},
  author={Liu, Zhenhua and Wierman, Adam and Chen, Yuan and Razon, Benjamin and Chen, Niangjun},
  journal={ACM SIGMETRICS Performance Evaluation Review},
  volume={70},
  number={10},
  pages={770--791},
  year={2013},
}

@inproceedings{lin2012online,
  title={Online algorithms for geographical load balancing},
  author={Lin, Minghong and Liu, Zhenhua and Wierman, Adam and Andrew, Lachlan LH},
  booktitle={IGCC},
  year={2012},
}

@inproceedings{Zhenhua11Sigmetrics,
 author = "Zhenhua Liu and Minghong Lin and Adam Wierman and Steven H. Low
      and Lachlan L. H. Andrew",
 title = "Greening geographical load balancing",
 booktitle = "SIGMETRICS",
 year = 2011,
}

@article{liu2015greening,
  title={Greening geographical load balancing},
  author={Liu, Zhenhua and Lin, Minghong and Wierman, Adam and Low, Steven and Andrew, Lachlan LH},
  journal={IEEE/ACM ToN},
  volume={23},
  number={2},
  pages={657--671},
  year={2015},
}

@inproceedings{Zhenhua11Greenmetrics,
 author = "Zhenhua Liu and Minghong Lin and Adam Wierman and Steven H. Low
      and Lachlan L. H. Andrew",
 title = "Geographical load balancing with renewables",
 booktitle = "GreenMetrics",
 year = 2011,
}

@inproceedings{Zhenhua12Sigmetrics,
  title={Renewable and cooling aware workload management for sustainable data centers},
  author={Liu, Z. and Chen, Y. and Bash, C. and Wierman, A. and Gmach, D. and Wang, Z. and Marwah, M. and Hyser, C.},
  booktitle={SIGMETRICS},
  year={2012}
}

@article{chiang2007layering,
  title={Layering as optimization decomposition: A mathematical theory of network architectures},
  author={Chiang, Mung and Low, Steven H and A. Robert Calderbank and Doyle, John C},
  journal={Proceedings of the IEEE},
  volume={95},
  number={1},
  pages={255--312},
  year={2007},
  publisher={IEEE}
}

@book{puterman2014markov,
  title={Markov decision processes: discrete stochastic dynamic programming},
  author={Puterman, Martin L},
  year={2014},
  publisher={John Wiley \& Sons}
}

@inproceedings{informed-prefetching,
  title={Informed prefetching and caching},
  author={Patterson, R Hugo and Gibson, Garth A and Ginting, Eka and Stodolsky, Daniel and Zelenka, Jim},
  booktitle={SOSP},
  year={1995},
}

@article{prefetch-www-latency,
  title={Using predictive prefetching to improve world wide web latency},
  author={Padmanabhan, Venkata N and Mogul, Jeffrey C},
  journal={SIGCOMM CCR},
  volume={26},
  number={3},
  pages={22--36},
  year={1996},
}

@inproceedings{compiler-prefetching,
  title={Design and evaluation of a compiler algorithm for prefetching},
  author={Mowry, Todd C and Lam, Monica S and Gupta, Anoop},
  booktitle={ASPLOS},
  year={1992},
}

@article{sw-controlled-prefetch,
  title={Tolerating latency through software-controlled prefetching in shared-memory multiprocessors},
  author={Mowry, Todd and Gupta, Anoop},
  journal={Journal of Parallel and Distributed Computing},
  volume={12},
  number={2},
  pages={87--106},
  year={1991},
}

@article{gpgpu-prefetch,
  title={Orchestrated scheduling and prefetching for {GPGPUs}},
  author={Jog, Adwait and Kayiran, Onur and Mishra, Asit K and Kandemir, Mahmut T and Mutlu, Onur and Iyer, Ravishankar and Das, Chita R},
  journal={ACM SIGARCH Computer Architecture News},
  volume={41},
  number={3},
  pages={332--343},
  year={2013},
  publisher={ACM}
}
@book{jain1984quantitative,
  title={A quantitative measure of fairness and discrimination for resource allocation in shared computer system},
  author={Jain, Raj and Chiu, Dah-Ming and Hawe, William R},
  volume={38},
  year={1984},
  publisher={Eastern Research Laboratory, Digital Equipment Corporation Hudson, MA}
}

% demand estimate

@inproceedings{agarwal2012re,
  title={Re-optimizing data-parallel computing},
  author={Agarwal, Sameer and Kandula, Srikanth and Bruno, Nicolas and Wu, Ming-Chuan and Stoica, Ion and Zhou, Jingren},
  booktitle={Proceedings of the 9th USENIX conference on Networked Systems Design and Implementation},
  pages={21--21},
  year={2012},
  organization={USENIX Association}
}

@inproceedings{resource_packing,
  title={Multi-resource packing for cluster schedulers},
  author={Grandl, Robert and Ananthanarayanan, Ganesh and Kandula, Srikanth and Rao, Sriram and Akella, Aditya},
  booktitle={ACM SIGCOMM Computer Communication Review},
  volume={44},
  number={4},
  pages={455--466},
  year={2014},
  organization={ACM}
}

@inproceedings{ananthanarayanan2012pacman,
  title={PACMan: Coordinated memory caching for parallel jobs},
  author={Ananthanarayanan, Ganesh and Ghodsi, Ali and Wang, Andrew and Borthakur, Dhruba and Kandula, Srikanth and Shenker, Scott and Stoica, Ion},
  booktitle={Proceedings of the 9th USENIX conference on Networked Systems Design and Implementation},
  pages={20--20},
  year={2012},
  organization={USENIX Association}
}

@inproceedings{morton2010paratimer,
  title={ParaTimer: a progress indicator for MapReduce DAGs},
  author={Morton, Kristi and Balazinska, Magdalena and Grossman, Dan},
  booktitle={Proceedings of the 2010 ACM SIGMOD International Conference on Management of data},
  pages={507--518},
  year={2010},
  organization={ACM}
}



% book
@book{schneider2007stochastic,
  title={Stochastic optimization},
  author={Schneider, Johannes and Kirkpatrick, Scott},
  year={2007},
  publisher={Springer Science \& Business Media}
}

@book{jaillet2012online,
  title={Online optimization},
  author={Jaillet, Patrick and Wagner, Michael R},
  year={2012},
  publisher={Springer Publishing Company, Incorporated}
}

@book{strict_priority,
  title={Queueing systems: Problems and solutions},
  author={Kleinrock, Leonard and Gail, Richard},
  year={1996},
  publisher={Wiley}
}

@book{cook2012cuda,
	title={CUDA programming: a developer's guide to parallel computing with GPUs},
	author={Cook, Shane},
	year={2012},
	publisher={Newnes}
}


@article{survey_resource_allocation,
	title={Resource management in clouds: Survey and research challenges},
	author={Jennings, Brendan and Stadler, Rolf},
	journal={Journal of Network and Systems Management},
	volume={23},
	number={3},
	pages={567--619},
	year={2015},
	publisher={Springer}
}

@misc{tech_report,
	title = "{BPF: Mitigating the Burstiness-Fairness Tradeoff in Multi-Resource Clusters -- Technical Report}",
	howpublished= "\url{https://goo.gl/e5oypF}"
}

@inproceedings {tensorflow,
    author = {Mart{\'\i}n Abadi and Paul Barham and Jianmin Chen and Zhifeng Chen and Andy Davis and Jeffrey Dean and Matthieu Devin and Sanjay Ghemawat and Geoffrey Irving and Michael Isard and Manjunath Kudlur and Josh Levenberg and Rajat Monga and Sherry Moore and Derek G. Murray and Benoit Steiner and Paul Tucker and Vijay Vasudevan and Pete Warden and Martin Wicke and Yuan Yu and Xiaoqiang Zheng},
    title = {Tensor{F}low: A System for Large-Scale Machine Learning},
    booktitle = {OSDI},
    year = {2016}
}

@misc{caffe2,
    title = {Caffe 2},
    howpublished = {\url{https://caffe2.ai}},
    note = {Accessed: 2017-04-21}
}

@inproceedings{caffe,
    title={Caffe: Convolutional architecture for fast feature embedding},
    author={Jia, Yangqing and Shelhamer, Evan and Donahue, Jeff and Karayev, Sergey and Long, Jonathan and Girshick, Ross and Guadarrama, Sergio and Darrell, Trevor},
    booktitle={ACMMM},
    year={2014}
}

@techreport{cntk,
    author = {Dong Yu and Adam Eversole and Mike Seltzer and Kaisheng Yao and Oleksii Kuchaiev and Yu Zhang and Frank Seide and Zhiheng Huang and Brian Guenter and Huaming Wang and Jasha Droppo and Geoffrey Zweig and Chris Rossbach and Jie Gao and Andreas Stolcke and Jon Currey and Malcolm Slaney and Guoguo Chen and Amit Agarwal and Chris Basoglu and Marko Padmilac and Alexey Kamenev and Vladimir Ivanov and Scott Cypher and Hari Parthasarathi and Bhaskar Mitra and Baolin Peng and Xuedong Huang},
    title = {An Introduction to Computational Networks and the Computational Network Toolkit},
    year = {2014},
    month = {October},
    institution = {Microsoft Research}
}

@article{mxnet,
    title={{MXN}et: A flexible and efficient machine learning library for heterogeneous distributed systems},
    author={Chen, Tianqi and Li, Mu and Li, Yutian and Lin, Min and Wang, Naiyan and Wang, Minjie and Xiao, Tianjun and Xu, Bing and Zhang, Chiyuan and Zhang, Zheng},
    journal={arXiv preprint arXiv:1512.01274},
    year={2015}
}

@inproceedings{theano,
    title={Theano: Deep learning on {GPU}s with {P}ython},
    author={Bergstra, James and Bastien, Fr{\'e}d{\'e}ric and Breuleux, Olivier and Lamblin, Pascal and Pascanu, Razvan and Delalleau, Olivier and Desjardins, Guillaume and Warde-Farley, David and Goodfellow, Ian and Bergeron, Arnaud and Yoshua Bengio},
    booktitle={BigLearn, NIPS Workshop},
    year={2011},
}

@inproceedings{torch,
    title={Torch7: A {Matlab}-like environment for machine learning},
    author={Collobert, Ronan and Kavukcuoglu, Koray and Farabet, Cl{\'e}ment},
    booktitle={BigLearn, NIPS Workshop},
    year={2011}
}

@inproceedings{tpu,
  title={In-Datacenter Performance Analysis of a {Tensor Processing Unit}},
  author={Jouppi, Norman P and Young, Cliff and Patil, Nishant and Patterson, David and Agrawal, Gaurav and Bajwa, Raminder and Bates, Sarah and Bhatia, Suresh and Boden, Nan and Borchers, Al and others},
  booktitle={ISCA},
  year={2017}
}


@misc{tensorflow-examples,
	title={TensorFlow Tutorial and Examples for Beginners with Latest APIs},
	howpublished = {\url{https://github.com/aymericdamien/TensorFlow-Examples}},
}

@misc{tensorflow-benchmark,
	title={TensorFlow Tutorial and Examples for Beginners with Latest APIs},
	howpublished = {\url{https://github.com/tensorflow/benchmarks}},
}

@misc{tensorflow-performance,
	title={Performance Guide},
	howpublished = {\url{https://www.tensorflow.org/performance/performance_guide}},
}

@inproceedings{debunking,
  title={Debunking the {100X} {GPU} vs. {CPU} myth: an evaluation of throughput computing on {CPU} and {GPU}},
  author={Lee, Victor W and Kim, Changkyu and Chhugani, Jatin and Deisher, Michael and Kim, Daehyun and Nguyen, Anthony D and Satish, Nadathur and Smelyanskiy, Mikhail and Chennupaty, Srinivas and Hammarlund, Per and Ronak Singhal and Pradeep Dubey},
  booktitle={ISCA},
  year={2010},
}

@inproceedings{coordinating-gpu-cpu,
  title={Coordinating the use of {GPU} and {CPU} for improving performance of compute intensive applications},
  author={Teodoro, George and Sachetto, Rafael and Sertel, Olcay and Gurcan, Metin N and Meira, Wagner and Catalyurek, Umit and Ferreira, Renato},
  booktitle={CLUSTER},
  year={2009},
}

@inproceedings{fpga-gpu-cpu,
  title={Performance comparison of {FPGA}, {GPU} and {CPU} in image processing},
  author={Asano, Shuichi and Maruyama, Tsutomu and Yamaguchi, Yoshiki},
  booktitle={FPL},
  year={2009},
}

@misc{intel-xeon,
	title={Intel {Xeon} Processor E7 Family},
	howpublished = {\url{https://www.intel.com/content/www/us/en/products/processors/xeon/e7-processors.html}},
}

@misc{googleprice,
	title={Google cloud price},
	howpublished  = {\url{https://cloud.google.com/compute/pricing}},
}

@misc{amazonprice,
	title={Amazon {EC2} price},
	howpublished  = {\url{https://aws.amazon.com/ec2/pricing/on-demand}},
}



@misc{nvidia-volta,
	title={Nvidia's monstrous {Volta} {GPU} appears, packed with 21 billion transistors and 5,120 cores},
	howpublished = {\url{https://www.pcworld.com/article/3196026/components-graphics/nvidias-monstrous-volta-gpu-appears-packed-with-21-billion-transistors-and-5120-cores.html
}},
}

@article{nvidia2011nvidia,
	title={Nvidia cuda c programming guide},
	author={Nvidia, CUDA},
	journal={Nvidia Corporation},
	volume={120},
	number={18},
	pages={8},
	year={2011}
}

@inproceedings{packetshader,
  title={{PacketShader}: a {GPU}-accelerated software router},
  author={Han, Sangjin and Jang, Keon and Park, KyoungSoo and Moon, Sue},
  booktitle={SIGCOMM},
  year={2010},
}

@inproceedings{warp-scheduling,
  title={Improving {GPU} performance via large warps and two-level warp scheduling},
  author={Narasiman, Veynu and Shebanow, Michael and Lee, Chang Joo and Miftakhutdinov, Rustam and Mutlu, Onur and Patt, Yale N},
  booktitle={MICRO},
  year={2011}
}

@inproceedings{timegraph,
  title={{TimeGraph}: {GPU} scheduling for real-time multi-tasking environments},
  author={Kato, Shinpei and Lakshmanan, Karthik and Rajkumar, Raj and Ishikawa, Yutaka},
  booktitle={USENIX ATC},
  year={2011}
}

@techreport{parallel-computing,
	title={The landscape of parallel computing research: A view from berkeley},
	author={Asanovic, Krste and Bodik, Ras and Catanzaro, Bryan Christopher and Gebis, Joseph James and Husbands, Parry and Keutzer, Kurt and Patterson, David A and Plishker, William Lester and Shalf, John and Williams, Samuel Webb and others},
	year={2006},
	institution={Technical Report UCB/EECS-2006-183, EECS Department, University of California, Berkeley}
}

@misc{gpu-speedup-myth,
	title = "{GPUS are only up to 14 times faster than CPUs says Intel}",
	howpublished= "\url{https://blogs.nvidia.com/blog/2010/06/23/gpus-are-only-up-to-14-times-faster-than-cpus-says-intel/}"
}

@misc{gpu-k80-speedup,
	title = {Lower data center costs. Boost performance.},
	howpublished = {\url{https://www.nvidia.com/en-us/data-center/tesla-k80/}}
}

@misc{gpu-p100-speedup,
	title = {NVIDIA TESLA P100 GPU ACCELERATOR},
	howpublished ={\url{https://images.nvidia.com/content/tesla/pdf/nvidia-tesla-p100-PCIe-datasheet.pdf}}
}

@inproceedings{ernest,
	title={Ernest: Efficient Performance Prediction for Large-Scale Advanced Analytics.},
	author={Venkataraman, Shivaram and Yang, Zongheng and Franklin, Michael J and Recht, Benjamin and Stoica, Ion},
	booktitle={NSDI},
	pages={363--378},
	year={2016}
}

@inproceedings{cherrypick,
	title={CherryPick: Adaptively Unearthing the Best Cloud Configurations for Big Data Analytics.},
	author={Alipourfard, Omid and Liu, Hongqiang Harry and Chen, Jianshu and Venkataraman, Shivaram and Yu, Minlan and Zhang, Ming},
	booktitle={NSDI},
	volume={2},
	pages={4--2},
	year={2017}
}

@inproceedings{paris_socc17,
  title={Selecting the best vm across multiple public clouds: A data-driven performance modeling approach},
  author={Yadwadkar, Neeraja J and Hariharan, Bharath and Gonzalez, Joseph E and Smith, Burton and Katz, Randy H},
  booktitle={Proceedings of the 2017 Symposium on Cloud Computing},
  pages={452--465},
  year={2017},
  organization={ACM}
}

@inproceedings{le2016joint,
	title={Joint capacity planning and operational management for sustainable data centers and demand response},
	author={Le, Tan N and Liu, Zhenhua and Chen, Yuan and Bash, Cullen},
	booktitle={Proceedings of the Seventh International Conference on Future Energy Systems},
	pages={16},
	year={2016},
	organization={ACM}
}

@misc{azure_dataset,
	title = {Azure public dataset},
	howpublished = {\url{https://github.com/Azure/AzurePublicDataset}}
}

@book{basseville1993detection,
	title={Detection of abrupt changes: theory and application},
	author={Basseville, Mich{\`e}le and Nikiforov, Igor V and others},
	volume={104},
	year={1993},
	publisher={Prentice Hall Englewood Cliffs}
}


@article{aminikhanghahi2017survey,
	title={A survey of methods for time series change point detection},
	author={Aminikhanghahi, Samaneh and Cook, Diane J},
	journal={Knowledge and information systems},
	volume={51},
	number={2},
	pages={339--367},
	year={2017},
	publisher={Springer}
}

@article{hawkins2005statistical,
	title={Statistical process control for shifts in mean or variance using a changepoint formulation},
	author={Hawkins, Douglas M and Zamba, KD},
	journal={Technometrics},
	volume={47},
	number={2},
	pages={164--173},
	year={2005},
	publisher={Taylor \& Francis}
}

@misc{cpu_xeon_e5_price,
	title = "{Intel Xeon E5v3 3.6Ghz price.}",
	howpublished= "\url{https://github.com/aymericdamien/TensorFlow-Examples}"
}

@article{lee2010debunking,
	title={Debunking the 100X GPU vs. CPU myth: an evaluation of throughput computing on CPU and GPU},
	author={Lee, Victor W and Kim, Changkyu and Chhugani, Jatin and Deisher, Michael and Kim, Daehyun and Nguyen, Anthony D and Satish, Nadathur and Smelyanskiy, Mikhail and Chennupaty, Srinivas and Hammarlund, Per and others},
	journal={ACM SIGARCH computer architecture news},
	volume={38},
	number={3},
	pages={451--460},
	year={2010},
	publisher={ACM}
}

@misc{AzurePublicDataset,
	title = {Azure Public Dataset},
	howpublished = {\url{https://github.com/Azure/AzurePublicDataset}},
}

@article{li2016hippogriffdb,
	title={Hippogriffdb: Balancing i/o and gpu bandwidth in big data analytics},
	author={Li, Jing and Tseng, Hung-Wei and Lin, Chunbin and Papakonstantinou, Yannis and Swanson, Steven},
	journal={Proceedings of the VLDB Endowment},
	volume={9},
	number={14},
	pages={1647--1658},
	year={2016},
	publisher={VLDB Endowment}
}

@inproceedings{dean2012large,
  title={Large scale distributed deep networks},
  author={Dean, Jeffrey and Corrado, Greg and Monga, Rajat and Chen, Kai and Devin, Matthieu and Mao, Mark and Senior, Andrew and Tucker, Paul and Yang, Ke and Le, Quoc V and others},
  booktitle={Advances in neural information processing systems},
  pages={1223--1231},
  year={2012}
}

@article{goolge_trace_analysis,
  title={Analysis and lessons from a publicly available google cluster trace},
  author={Chen, Yanpei and Ganapathi, Archana Sulochana and Griffith, Rean and Katz, Randy H},
  journal={EECS Department, University of California, Berkeley, Tech. Rep. UCB/EECS-2010-95},
  volume={94},
  year={2010}
}

@inproceedings{nguyen2017no,
  title={No!: Not Another Deep Learning Framework},
  author={Nguyen, Linh and Yu, Peifeng and Chowdhury, Mosharaf},
  booktitle={Proceedings of the 16th Workshop on Hot Topics in Operating Systems},
  pages={88--93},
  year={2017},
  organization={ACM}
}

@article{galil1988n,
  title={An O (n 2 (m+ n log n) log n) min-cost flow algorithm},
  author={Galil, Zvi and Tardos, {\'E}va},
  journal={Journal of the ACM (JACM)},
  volume={35},
  number={2},
  pages={374--386},
  year={1988},
  publisher={ACM}
}

@article{orlin1993faster,
  title={A faster strongly polynomial minimum cost flow algorithm},
  author={Orlin, James B},
  journal={Operations research},
  volume={41},
  number={2},
  pages={338--350},
  year={1993},
  publisher={INFORMS}
}

@article{kuhn1955hungarian,
  title={The Hungarian method for the assignment problem},
  author={Kuhn, Harold W},
  journal={Naval research logistics quarterly},
  volume={2},
  number={1-2},
  pages={83--97},
  year={1955},
  publisher={Wiley Online Library}
}

@inproceedings{tetrisched,
	title={TetriSched: global rescheduling with adaptive plan-ahead in dynamic heterogeneous clusters},
	author={Tumanov, Alexey and Zhu, Timothy and Park, Jun Woo and Kozuch, Michael A and Harchol-Balter, Mor and Ganger, Gregory R},
	booktitle={Proceedings of the Eleventh European Conference on Computer Systems},
	pages={35},
	year={2016},
	organization={ACM}
}

@inproceedings{phoenix,
	title={Phoenix: a constraint-aware scheduler for heterogeneous datacenters},
	author={Thinakaran, Prashanth and Gunasekaran, Jashwant Raj and Sharma, Bikash and Kandemir, Mahmut Taylan and Das, Chita R},
	booktitle={Distributed Computing Systems (ICDCS), 2017 IEEE 37th International Conference on},
	pages={977--987},
	year={2017},
	organization={IEEE}
}


@inproceedings{gandiva_osdi18,
	title={Gandiva: Introspective Cluster Scheduling for Deep Learning},
	author={Xiao, Wencong and Bhardwaj, Romil and Ramjee, Ramachandran and Sivathanu, Muthian and Kwatra, Nipun and Han, Zhenhua and Patel, Pratyush and Peng, Xuan and Zhao, Hanyu and Zhang, Quanlu and others},
	booktitle={13th USENIX Symposium on Operating Systems Design and Implementation OSDI 18},
	pages={595--610},
	year={2018},
	organization={USENIX Association}
}

@inproceedings{slaq_socc17,
	title={SLAQ: quality-driven scheduling for distributed machine learning},
	author={Zhang, Haoyu and Stafman, Logan and Or, Andrew and Freedman, Michael J},
	booktitle={Proceedings of the 2017 Symposium on Cloud Computing},
	pages={390--404},
	year={2017},
	organization={ACM}
}

@article{fairness_efficency_tradeoffs,
	title={Multiresource allocation: Fairness-efficiency tradeoffs in a unifying framework},
	author={Joe-Wong, Carlee and Sen, Soumya and Lan, Tian and Chiang, Mung},
	journal={IEEE/ACM Transactions on Networking (TON)},
	volume={21},
	number={6},
	pages={1785--1798},
	year={2013},
	publisher={IEEE Press}
}

@inproceedings{drf_hetor,
	title={Dominant resource fairness in cloud computing systems with heterogeneous servers},
	author={Wang, Wei and Li, Baochun and Liang, Ben},
	booktitle={INFOCOM, 2014 Proceedings IEEE},
	pages={583--591},
	year={2014},
	organization={IEEE}
}

%% GPU applications
@article{image_classfication_deep,
	title={Multi-column deep neural networks for image classification},
	author={Cire{\c{s}}an, Dan and Meier, Ueli and Schmidhuber, J{\"u}rgen},
	journal={arXiv preprint arXiv:1202.2745},
	year={2012}
}


@inproceedings{image_classification_cnn,
	title={Flexible, high performance convolutional neural networks for image classification},
	author={Ciresan, Dan C and Meier, Ueli and Masci, Jonathan and Maria Gambardella, Luca and Schmidhuber, J{\"u}rgen},
	booktitle={IJCAI Proceedings-International Joint Conference on Artificial Intelligence},
	volume={22},
	number={1},
	pages={1237},
	year={2011},
	organization={Barcelona, Spain}
}



@inproceedings{cuda_video_coding,
	title={Exploring nvidia-cuda for video coding},
	author={Colic, Aleksandar and Kalva, Hari and Furht, Borko},
	booktitle={Proceedings of the first annual ACM SIGMM conference on Multimedia systems},
	pages={13--22},
	year={2010},
	organization={ACM}
}

@article{nn_nlp,
	title={A primer on neural network models for natural language processing},
	author={Goldberg, Yoav},
	journal={Journal of Artificial Intelligence Research},
	volume={57},
	pages={345--420},
	year={2016}
}

@article{deep_cnn_nlp,
	title={Very deep convolutional networks for natural language processing},
	author={Conneau, Alexis and Schwenk, Holger and Barrault, Lo{\i}c and Lecun, Yann},
	journal={arXiv preprint},
	year={2016}
}

@article{bipartite_note,
  title={Lecture notes on bipartite matching},
  author={Goemans, Michel X},
  journal={Massachusetts Institute of Technology},
  year={2009}
}

@inproceedings{huang2013accelerating,
	title={Accelerating recurrent neural network training via two stage classes and parallelization},
	author={Huang, Zhiheng and Zweig, Geoffrey and Levit, Michael and Dumoulin, Benoit and Oguz, Barlas and Chang, Shawn},
	booktitle={Automatic Speech Recognition and Understanding (ASRU), 2013 IEEE Workshop on},
	pages={326--331},
	year={2013},
	organization={IEEE}
}
