@article{NygrenSS10,
  author =        {Nygren, E. and Sitaraman, R.K. and Sun, J.},
  journal =       {ACM SIGOPS Operating Systems Review},
  number =        {3},
  pages =         {2--19},
  publisher =     {ACM},
  title =         {{The Akamai Network: A platform for high-performance
                   Internet applications}},
  volume =        {44},
  year =          {2010},
}


@inproceedings{liu2012renewable,
  title={Renewable and cooling aware workload management for sustainable data centers},
  author={Liu, Zhenhua and Chen, Yuan and Bash, Cullen and Wierman, Adam and Gmach, Daniel and Wang, Zhikui and Marwah, Manish and Hyser, Chris},
  booktitle={ACM SIGMETRICS Performance Evaluation Review},
  volume={40},
  number={1},
  pages={175--186},
  year={2012},
  organization={ACM}
}

@article{allaz1993cournot,
  title={Cournot comp, forward markets and efficiency},
  author={Allaz, Blaise and Vila, Jean-Luc},
  journal={Journal of Economic theory},
  volume={59},
  number={1},
  pages={1--16},
  year={1993},
  publisher={Elsevier}
}


@inproceedings{cai2013inefficiency,
  title={Inefficiency in forward markets with supply friction},
  author={Cai, Desmond WH and Wierman, Adam},
  booktitle={Decision and Control (CDC), 2013 IEEE 52nd Annual Conference on},
  pages={5594--5599},
  year={2013},
  organization={IEEE}
}

@article{murphy2010impact,
  title={On the impact of forward markets on investments in oligopolistic markets with reference to electricity},
  author={Murphy, Frederic and Smeers, Yves},
  journal={Operations research},
  volume={58},
  number={3},
  pages={515--528},
  year={2010},
  publisher={INFORMS}
}

@article{yao2007two,
  title={Two-settlement electricity markets with price caps and Cournot generation firms},
  author={Yao, Jian and Oren, Shmuel S and Adler, Ilan},
  journal={european journal of operational research},
  volume={181},
  number={3},
  pages={1279--1296},
  year={2007},
  publisher={Elsevier}
}

@inproceedings{he2011multiple,
	title={Multiple timescale dispatch and scheduling for stochastic reliability in smart grids with wind generation integration},
	author={He, Miao and Murugesan, Sugumar and Zhang, Junshan},
	booktitle={Proc. INFOCOM},
	pages={461--465},
	year={2011}
}

@inproceedings{nair2014energy,
	title={Energy procurement strategies in the presence of intermittent sources},
	author={Nair, Jayakrishnan and Adlakha, Sachin and Wierman, Adam},
	booktitle={The 2014 ACM international conference on Measurement and modeling of computer systems},
	pages={85--97},
	year={2014},
	organization={ACM}
}

@inproceedings{jiang2011multi,
	title={Multi-period optimal procurement and demand responses in the presence of uncrtain supply},
	author={Jiang, Libin and Low, Steven H},
	booktitle={Proceedings of IEEE Conference on Decision and Control (CDC)},
	year={2011}
}

@inproceedings{huang2012optimal,
	title={Optimal power procurement and demand response with quality-of-usage guarantees},
	author={Huang, Longbo and Walrand, Jean and Ramchandran, Kannan},
	booktitle={Power and Energy Society General Meeting, 2012 IEEE},
	pages={1--8},
	year={2012},
	organization={IEEE}
}

@article{varaiya2011smart,
	title={Smart operation of smart grid: Risk-limiting dispatch},
	author={Varaiya, Pravin P and Wu, Felix F and Bialek, Janusz W},
	journal={Proceedings of the IEEE},
	volume={99},
	number={1},
	pages={40--57},
	year={2011},
	publisher={IEEE}
}

@article{koomey2011growth,
	title={Growth in data center electricity use 2005 to 2010},
	author={Koomey, Jonathan},
	journal={A report by Analytical Press, completed at the request of The New York Times},
	year={2011}
}

@misc{google2015datacenter,
	author = "Google",
	title = "Renewable energy",
	year = "2015",
	url = "http://www.google.com/about/datacenters/renewable/index.html",
	note = "[Online; accessed 25-April-2015]",
	howpublished ="\url{http://www.google.com/about/datacenters/renewable/index.html}"
}

@inproceedings{deng2013smartdpss,
	title={SmartDPSS: cost-minimizing multi-source power supply for datacenters with arbitrary demand},
	author={Deng, Wei and Liu, Fangming and Jin, Hai and Wu, Chuan},
	booktitle={Distributed Computing Systems (ICDCS), 2013 IEEE 33rd International Conference on},
	pages={420--429},
	year={2013},
	organization={IEEE}
}

@article{sawyer2004calculating,
	title={Calculating total power requirements for data centers},
	author={Sawyer, Richard},
	journal={White Paper, American Power Conversion},
	year={2004}
}

@article{shapiro2007tutorial,
	title={A tutorial on stochastic programming},
	author={Shapiro, Alexander and Philpott, Andy},
	journal={Manuscript. Available at www2. isye. gatech. edu/\~{} ashapiro/publications. html},
	year={2007}
}

@misc{nrel2006ModeledSolarData,
	author = "NREL",
	title = "Renewable energy",
	year = "2016",
	url = "http://www.nrel.gov/electricity/transmission/solar_integration_methodology.html",
	note = "[Online; accessed 30-June-2015]",
	howpublished ="\url{http://www.nrel.gov/electricity/transmission/solar_integration_methodology.html}"
}

@inproceedings{sharma2011predicting,
	title={Predicting solar generation from weather forecasts using machine learning},
	author={Sharma, Navin and Sharma, Pranshu and Irwin, David and Shenoy, Prashant},
	booktitle={Smart Grid Communications (SmartGridComm), 2011 IEEE International Conference on},
	pages={528--533},
	year={2011},
	organization={IEEE}
}

@article{martin2010prediction,
	title={Prediction of global solar irradiance based on time series analysis: Application to solar thermal power plants energy production planning},
	author={Mart{\'\i}n, Luis and Zarzalejo, Luis F and Polo, Jes{\'u}s and Navarro, Ana and Marchante, Ruth and Cony, Marco},
	journal={Solar Energy},
	volume={84},
	number={10},
	pages={1772--1781},
	year={2010},
	publisher={Elsevier}
}

@article{bacher2009online,
	title={Online short-term solar power forecasting},
	author={Bacher, Peder and Madsen, Henrik and Nielsen, Henrik Aalborg},
	journal={Solar Energy},
	volume={83},
	number={10},
	pages={1772--1783},
	year={2009},
	publisher={Elsevier}
}

@article{lorenz2009irradiance,
	title={Irradiance forecasting for the power prediction of grid-connected photovoltaic systems},
	author={Lorenz, Elke and Hurka, Johannes and Heinemann, Detlev and Beyer, Hans Georg},
	journal={Selected Topics in Applied Earth Observations and Remote Sensing, IEEE Journal of},
	volume={2},
	number={1},
	pages={2--10},
	year={2009},
	publisher={IEEE}
}

@article{paoli2010forecasting,
	title={Forecasting of preprocessed daily solar radiation time series using neural networks},
	author={Paoli, Christophe and Voyant, Cyril and Muselli, Marc and Nivet, Marie-Laure},
	journal={Solar Energy},
	volume={84},
	number={12},
	pages={2146--2160},
	year={2010},
	publisher={Elsevier}
}

@article{taylor2009wind,
	title={Wind power density forecasting using ensemble predictions and time series models},
	author={Taylor, James W and McSharry, Patrick E and Buizza, Roberto},
	journal={Energy Conversion, IEEE Transactions on},
	volume={24},
	number={3},
	pages={775--782},
	year={2009},
	publisher={IEEE}
}
@article{lei2009review,
	title={A review on the forecasting of wind speed and generated power},
	author={Lei, Ma and Shiyan, Luan and Chuanwen, Jiang and Hongling, Liu and Yan, Zhang},
	journal={Renewable and Sustainable Energy Reviews},
	volume={13},
	number={4},
	pages={915--920},
	year={2009},
	publisher={Elsevier}
}

@inproceedings{mellit2005artificial,
	title={Artificial neural network model for prediction solar radiation data: application for sizing stand-alone photovoltaic power system},
	author={Mellit, Adel and Menghanem, M and Bendekhis, M},
	booktitle={Power Engineering Society General Meeting, 2005. IEEE},
	pages={40--44},
	year={2005},
	organization={IEEE}
}

@article{paoli2010forecasting,
	title={Forecasting of preprocessed daily solar radiation time series using neural networks},
	author={Paoli, Christophe and Voyant, Cyril and Muselli, Marc and Nivet, Marie-Laure},
	journal={Solar Energy},
	volume={84},
	number={12},
	pages={2146--2160},
	year={2010},
	publisher={Elsevier}
}

@article{lei2009review,
	title={A review on the forecasting of wind speed and generated power},
	author={Lei, Ma and Shiyan, Luan and Chuanwen, Jiang and Hongling, Liu and Yan, Zhang},
	journal={Renewable and Sustainable Energy Reviews},
	volume={13},
	number={4},
	pages={915--920},
	year={2009},
	publisher={Elsevier}
}

@article{sfetsos2000univariate,
	title={Univariate and multivariate forecasting of hourly solar radiation with artificial intelligence techniques},
	author={Sfetsos, A and Coonick, AH},
	journal={Solar Energy},
	volume={68},
	number={2},
	pages={169--178},
	year={2000},
	publisher={Elsevier}
}

@article{khatib2011modeling,
	title={Modeling of daily solar energy on a horizontal surface for five main sites in Malaysia},
	author={Khatib, Tamer and Mohamed, Azah and Mahmoud, Marwan and Sopian, K},
	journal={International Journal of Green Energy},
	volume={8},
	number={8},
	pages={795--819},
	year={2011},
	publisher={Taylor \& Francis}
}

@article{guoyang2005discussion,
	title={Discussion about short-term forecast of wind speed on wind farm},
	author={Guoyang, Wu and Yang, Xiao and Shasha, Weng},
	journal={Jilin Electric Power},
	volume={181},
	number={5},
	pages={21--4},
	year={2005}
}

@article{kamal1997time,
	title={Time series models to simulate and forecast hourly averaged wind speed in Quetta, Pakistan},
	author={Kamal, Lalarukh and Jafri, Yasmin Zahra},
	journal={Solar Energy},
	volume={61},
	number={1},
	pages={23--32},
	year={1997},
	publisher={Elsevier}
}

@article{louka2008improvements,
	title={Improvements in wind speed forecasts for wind power prediction purposes using Kalman filtering},
	author={Louka, Petroula and Galanis, Georges and Siebert, Nils and Kariniotakis, Georges and Katsafados, Petros and Pytharoulis, I and Kallos, G},
	journal={Journal of Wind Engineering and Industrial Aerodynamics},
	volume={96},
	number={12},
	pages={2348--2362},
	year={2008},
	publisher={Elsevier}
}

@article{costa2008review,
	title={A review on the young history of the wind power short-term prediction},
	author={Costa, Alexandre and Crespo, Antonio and Navarro, Jorge and Lizcano, Gil and Madsen, Henrik and Feitosa, Everaldo},
	journal={Renewable and Sustainable Energy Reviews},
	volume={12},
	number={6},
	pages={1725--1744},
	year={2008},
	publisher={Elsevier}
}

@inproceedings{hassanzadeh2010practical,
	title={Practical approach for sub-hourly and hourly prediction of PV power output},
	author={Hassanzadeh, M and Etezadi-Amoli, M and Fadali, MS},
	booktitle={North American Power Symposium (NAPS), 2010},
	pages={1--5},
	year={2010},
	organization={IEEE}
}

@article{liu2015datacenter,
	title={Datacenter Power Management in Smart Grids},
	author={Liu, Xue and Kong, Fanxin},
	journal={Foundations and Trends in Electronic Design Automation},
	volume={9},
	number={1},
	pages={1--98},
	year={2015},
	publisher={Now Publishers Inc.}
}

@inproceedings{chiaraviglio2011energy,
	title={An energy-aware distributed approach for content and network management},
	author={Chiaraviglio, Luca and Matta, Ibrahim},
	booktitle={INFOCOM WKSHPS},
	pages={337--342},
	year={2011},
	organization={IEEE}
}

@inproceedings{qureshi2009cutting,
	title={Cutting the electric bill for internet-scale systems},
	author={Qureshi, Asfandyar and Weber, Rick and Balakrishnan, Hari and Guttag, John and Maggs, Bruce},
	booktitle={Proc. ACM SIGCOMM},
	volume={39},
	number={4},
	pages={123--134},
	year={2009}
}

@inproceedings{rao2010minimizing,
	title={Minimizing electricity cost: optimization of distributed internet data centers in a multi-electricity-market environment},
	author={Rao, Lei and Liu, Xue and Xie, Le and Liu, Wenyu},
	booktitle={Proc. IEEE INFOCOM},
	pages={1--9},
	year={2010}
}

@article{rahman2014survey,
	title={A survey on geographic load balancing based data center power management in the smart grid environment},
	author={Rahman, Aminur and Liu, Xue and Kong, Fanxin},
	journal={Communications Surveys \& Tutorials, IEEE},
	volume={16},
	number={1},
	pages={214--233},
	year={2014},
	publisher={IEEE}
}

@inproceedings{guo2011cutting,
	title={Cutting down electricity cost in internet data centers by using energy storage},
	author={Guo, Yuanxiong and Ding, Zongrui and Fang, Yuguang and Wu, Dapeng},
	booktitle={Proc. IEEE GLOBECOM},
	pages={1--5},
	year={2011}
}

@article{guo2013electricity,
	title={Electricity cost saving strategy in data centers by using energy storage},
	author={Guo, Yuanxiong and Fang, Yuguang},
	journal={Parallel and Distributed Systems, IEEE Transactions on},
	volume={24},
	number={6},
	pages={1149--1160},
	year={2013},
	publisher={IEEE}
}

@inproceedings{yao2012data,
	title={Data centers power reduction: A two time scale approach for delay tolerant workloads},
	author={Yao, Yuan and Huang, Longbo and Sharma, Abhihshek and Golubchik, Leana and Neely, Michael},
	booktitle={INFOCOM},
	pages={1431--1439},
	year={2012},
	organization={IEEE}
}

@incollection{buchbinder2011online,
	title={Online job-migration for reducing the electricity bill in the cloud},
	author={Buchbinder, Niv and Jain, Navendu and Menache, Ishai},
	booktitle={NETWORKING 2011},
	pages={172--185},
	year={2011},
	publisher={Springer}
}

@inproceedings{zhang2011capping,
	title={Capping the electricity cost of cloud-scale data centers with impacts on power markets},
	author={Zhang, Yanwei and Wang, Yefu and Wang, Xiaorui},
	booktitle={Proceedings of the 20th international symposium on High performance distributed computing},
	pages={271--272},
	year={2011},
	organization={ACM}
}

@inproceedings{sankaranarayanan2011global,
	title={Global cost diversity aware dispatch algorithm for heterogeneous data centers},
	author={Sankaranarayanan, Ananth Narayan and Sharangi, Somsubhra and Fedorova, Alexandra},
	booktitle={ACM SIGSOFT Software Engineering Notes},
	volume={36},
	number={5},
	pages={289--294},
	year={2011},
	organization={ACM}
}

@inproceedings{huang2012solar,
	title={Solar Generation Prediction using the ARMA Model in a Laboratory-level Micro-grid},
	author={Huang, Rui and Huang, Tiana and Gadh, Rajit and Li, Na},
	booktitle={Smart Grid Communications (SmartGridComm), 2012 IEEE Third International Conference on},
	pages={528--533},
	year={2012},
	organization={IEEE}
}

@inproceedings{qureshi2009cutting,
	title={Cutting the electric bill for internet-scale systems},
	author={Qureshi, Asfandyar and Weber, Rick and Balakrishnan, Hari and Guttag, John and Maggs, Bruce},
	booktitle={ACM SIGCOMM computer communication review},
	volume={39},
	number={4},
	pages={123--134},
	year={2009},
	organization={ACM}
}

@article{brown2008report,
	title={Report to congress on server and data center energy efficiency: Public law 109-431},
	author={Brown, Richard and others},
	journal={Lawrence Berkeley National Laboratory},
	year={2008}
}

@inproceedings{narayanan2014towards,
	title={Towards a leaner geo-distributed cloud infrastructure},
	author={Narayanan, Iyswarya and Kansal, Aman and Sivasubramaniam, Anand and Urgaonkar, Bhuvan and Govindan, Sriram},
	booktitle={Proceedings of the 6th USENIX conference on Hot Topics in Cloud Computing},
	pages={3--3},
	year={2014},
	organization={USENIX Association}
}

@inproceedings{gan2013real,
	title={Real-time deferrable load control: handling the uncertainties of renewable generation},
	author={Gan, Lingwen and Wierman, Adam and Topcu, Ufuk and Chen, Niangjun and Low, Steven H},
	booktitle={Proceedings of the fourth international conference on Future energy systems},
	pages={113--124},
	year={2013},
	organization={ACM}
}

@article{liu2013applying,
	title={Applying ARMA--GARCH approaches to forecasting short-term electricity prices},
	author={Liu, Heping and Shi, Jing},
	journal={Energy Economics},
	volume={37},
	pages={152--166},
	year={2013},
	publisher={Elsevier}
}

@article{koomey2008worldwide,
	title={Worldwide electricity used in data centers},
	author={Koomey, Jonathan G},
	journal={Environmental Research Letters},
	volume={3},
	number={3},
	pages={034008},
	year={2008},
	publisher={IOP Publishing}
}

@article{koomey2011growth,
	title={Growth in data center electricity use 2005 to 2010},
	author={Koomey, Jonathan},
	journal={A report by Analytical Press, completed at the request of The New York Times},
	pages={9},
	year={2011}
}

@book{harris2011electricity,
	title={Electricity markets: pricing, structures and economics},
	author={Harris, Chris},
	volume={565},
	year={2011},
	publisher={John Wiley \& Sons}
}

@inproceedings{guo2011cutting,
	title={Cutting down electricity cost in internet data centers by using energy storage},
	author={Guo, Yuanxiong and Ding, Zongrui and Fang, Yuguang and Wu, Dapeng},
	booktitle={GLOBECOM},
	pages={1--5},
	year={2011},
	organization={IEEE}
}

@inproceedings{zheng2014exploiting,
	title={Exploiting thermal energy storage to reduce data center capital and operating expenses},
	author={Zheng, Wenli and Ma, Kai and Wang, Xiaorui},
	booktitle={Proc. IEEE HPCA},
	pages={132--141},
	year={2014}
}

@article{hausman2008bilateral,
	title={Bilateral Contracting in Deregulated Electricity Markets},
	author={Hausman, Ezra and Hornby, Rick and Smith, Allison},
	journal={Synapse Energy Economics Inc.. Dispon{\'\i}vel em: http://www. publicpower. org/Media/daily/ArticleDetail. cfm},
	year={2008}
}

@article{rao2011hedging,
	title={Hedging against uncertainty: A tale of internet data center operations under smart grid environment},
	author={Rao, Lei and Liu, Xue and Xie, Le and Pang, Zhan},
	journal={Smart Grid, IEEE Transactions on},
	volume={2},
	number={3},
	pages={555--563},
	year={2011},
	publisher={IEEE}
}

@inproceedings{ghamkhari2014optimal,
	title={Optimal risk-aware power procurement for data centers in day-ahead and real-time electricity markets},
	author={Ghamkhari, Mahdi and Mohsenian-Rad, Hamed and Wierman, Adam},
	booktitle={INFOCOM WKSHPS},
	pages={610--615},
	year={2014},
	organization={IEEE}
}

@article{wang2014optimization,
	title={Optimization of forward electricity markets considering wind generation and demand response},
	author={Wang, Jiankang and Kennedy, Scott W and Kirtley, James L},
	journal={Smart Grid, IEEE Transactions on},
	volume={5},
	number={3},
	pages={1254--1261},
	year={2014},
	publisher={IEEE}
}


@inproceedings{yu2013risk,
	title={Risk-constrained operation for internet data centers under smart grid environment},
	author={Yu, Liang and Jiang, Tao and Cao, Yang and Wu, Jingkai},
	booktitle={Wireless Communications \& Signal Processing (WCSP), 2013 International Conference on},
	pages={1--6},
	year={2013},
	organization={IEEE}
}

@inproceedings{yu2012risk,
	title={Risk management in internet data center operations under smart grid environment},
	author={Yu, Liang and Jiang, Tao and Cao, Yang and Yang, Shiyong and Wang, Zhiqiang},
	booktitle={Proc. IEEE SmartGridComm},
	pages={384--388},
	year={2012}
}

@article{philpott2006optimizing,
	title={Optimizing demand-side bids in day-ahead electricity markets},
	author={Philpott, Andy B and Pettersen, Erling},
	journal={Power Systems, IEEE Transactions on},
	volume={21},
	number={2},
	pages={488--498},
	year={2006},
	publisher={IEEE}
}

@article{garcia2007risk,
	title={Risk-averse profit-based optimal scheduling of a hydro-chain in the day-ahead electricity market},
	author={Garc{\'\i}a-Gonz{\'a}lez, Javier and Parrilla, Ernesto and Mateo, Alicia},
	journal={European Journal of Operational Research},
	volume={181},
	number={3},
	pages={1354--1369},
	year={2007},
	publisher={Elsevier}
}

@article{wen2001strategic,
	title={Strategic bidding for electricity supply in a day-ahead energy market},
	author={Wen, FS and David, AK},
	journal={Electric Power Systems Research},
	volume={59},
	number={3},
	pages={197--206},
	year={2001},
	publisher={Elsevier}
}

@article{dicorato2009risk,
	title={Risk-constrained profit maximization in day-ahead electricity market},
	author={Dicorato, Maria and Forte, Giuseppe and Trovato, Michele and Caruso, Ettore},
	journal={Power Systems, IEEE Transactions on},
	volume={24},
	number={3},
	pages={1107--1114},
	year={2009},
	publisher={IEEE}
}

@article{contreras2001auction,
	title={Auction design in day-ahead electricity markets},
	author={Contreras, Javier and Candiles, Oscar and la Fuente, De and Ignacio, Jos{\'e} and G{\'o}mez, Tom{\'a}s},
	journal={Power Systems, IEEE Transactions on},
	volume={16},
	number={3},
	pages={409--417},
	year={2001},
	publisher={IEEE}
}

@article{siddiqui2003managing,
	title={Managing electricity reliability risk through the forward markets},
	author={Siddiqui, Afzal S},
	journal={Networks and Spatial Economics},
	volume={3},
	number={2},
	pages={225--263},
	year={2003},
	publisher={Springer}
}

@inproceedings{nair2014energy,
	title={Energy procurement strategies in the presence of intermittent sources},
	author={Nair, Jayakrishnan and Adlakha, Sachin and Wierman, Adam},
	booktitle={The 2014 ACM international conference on Measurement and modeling of computer systems},
	pages={85--97},
	year={2014},
	organization={ACM}
}

@article{peik2013decision,
	title={Decision making of a virtual power plant under uncertainties for bidding in a day-ahead market using point estimate method},
	author={Peik-Herfeh, Malahat and Seifi, H and Sheikh-El-Eslami, MK},
	journal={International Journal of Electrical Power \& Energy Systems},
	volume={44},
	number={1},
	pages={88--98},
	year={2013},
	publisher={Elsevier}
}

@misc{datacenerknowledge2015HP,
	author = "YEVGENIY SVERDLIK",
	title = "HP Buys Wind Power for Massive Texas Data Center Cluster",
	year = "2015",
	url = "http://www.datacenterknowledge.com/archives/2015/07/21/hp-buys-wind-power-for-massive-texas-data-center-cluster/",
	howpublished ="\url{http://www.datacenterknowledge.com}"
}

@misc{datacenerknowledge2015Amazon,
	author = "YEVGENIY SVERDLIK",
	title = "Amazon Invests in Wind Energy for East Coast Data Center",
	year = "2015",
	url = "http://www.datacenterknowledge.com/archives/2015/07/13/amazon-invests-in-wind-energy-for-east-coast-data-center/",
	howpublished ="\url{http://www.datacenterknowledge.com}"
}

@misc{datacenerknowledge2015DataCenter,
	author = "YEVGENIY SVERDLIK",
	title = "Data Center Power Purchasing: Don't Be a Price Taker",
	year = "2015",
	url = "http://www.datacenterknowledge.com/archives/2015/04/21/data-center-power-purchasing-dont-be-a-price-taker/",
	note = "[Online; accessed 05-Sep-2015]",
	howpublished ="\url{http://www.datacenterknowledge.com}"
}

@article{whitney2014data,
	title={Data center efficiency assessment},
	author={Whitney, J and Delforge, P},
	journal={Issue paper on NRDC (The Natural Resource Defense Council)},
	year={2014}
}

@article{cramton2007colombia,
	title={Colombia's Forward Energy Market},
	author={Cramton, Peter},
	year={2007}
}

@article{ausubel2010using,
	title={Using forward markets to improve electricity market design},
	author={Ausubel, Lawrence M and Cramton, Peter},
	journal={Utilities Policy},
	volume={18},
	number={4},
	pages={195--200},
	year={2010},
	publisher={Elsevier}
}

@inproceedings{liu2011greening,
	title={Greening geographical load balancing},
	author={Liu, Zhenhua and Lin, Minghong and Wierman, Adam and Low, Steven H and Andrew, Lachlan LH},
	booktitle={Proc. ACM SIGMETRICS},
	pages={233--244},
	year={2011}
}

@article{zinkevich2003online,
	title={Online convex programming and generalized infinitesimal gradient ascent},
	author={Zinkevich, Martin},
	year={2003},
	publisher={School of Computer Science, Carnegie Mellon University}
}

@book{boyd2004convex,
	title={Convex optimization},
	author={Boyd, Stephen and Vandenberghe, Lieven},
	year={2004},
	publisher={Cambridge university press}
}

@article{cao1985convergence,
	title={Convergence of parameter sensitivity estimates in a stochastic experiment},
	author={Cao, Xi-Ren},
	journal={Automatic Control, IEEE Transactions on},
	volume={30},
	number={9},
	pages={845--853},
	year={1985},
	publisher={IEEE}
}

@article{krivulin1993unbiased,
	title={Unbiased estimates for gradients of stochastic network performance measures},
	author={Krivulin, Nikolai},
	journal={Acta Applicandae Mathematica},
	volume={33},
	number={1},
	pages={21--43},
	year={1993},
	publisher={Springer}
}

@article{contreras2003arima,
	title={ARIMA models to predict next-day electricity prices},
	author={Contreras, Javier and Espinola, Rosario and Nogales, Francisco J and Conejo, Antonio J},
	journal={Power Systems, IEEE Transactions on},
	volume={18},
	number={3},
	pages={1014--1020},
	year={2003},
	publisher={IEEE}
}

@article{sorjamaa2007methodology,
	title={Methodology for long-term prediction of time series},
	author={Sorjamaa, Antti and Hao, Jin and Reyhani, Nima and Ji, Yongnan and Lendasse, Amaury},
	journal={Neurocomputing},
	volume={70},
	number={16},
	pages={2861--2869},
	year={2007},
	publisher={Elsevier}
}

@misc{grant2008cvx,
	title={CVX: Matlab software for disciplined convex programming},
	author={Grant, Michael and Boyd, Stephen and Ye, Yinyu},
	year={2008}
}

@article{coelho2014long,
	title={Long term solar radiation forecast using computational intelligence methods},
	author={Coelho, Jo{\~a}o Paulo and Boaventura-Cunha, Jos{\'e}},
	journal={Applied Computational Intelligence and Soft Computing},
	volume={2014},
	pages={21},
	year={2014},
	publisher={Hindawi Publishing Corp.}
}

@inproceedings{gandhi2011minimizing,
	title={Minimizing data center {SLA} violations and power consumption via hybrid resource provisioning},
	author={Gandhi, Anshul and Chen, Yuan and Gmach, Daniel and Arlitt, Martin and Marwah, Manish},
	booktitle={Green Computing Conference and Workshops (IGCC), 2011 International},
	pages={1--8},
	year={2011},
	organization={IEEE}
}

@article{lin2013dynamic,
	title={Dynamic right-sizing for power-proportional data centers},
	author={Lin, Minghong and Wierman, Adam and Andrew, Lachlan LH and Thereska, Eno},
	journal={IEEE/ACM Transactions on Networking (TON)},
	volume={21},
	number={5},
	pages={1378--1391},
	year={2013},
	publisher={IEEE Press}
}

@inproceedings{verma2009server,
	title={Server workload analysis for power minimization using consolidation},
	author={Verma, Akshat and Dasgupta, Gargi and Nayak, Tapan Kumar and De, Pradipta and Kothari, Ravi},
	booktitle={Proceedings of the 2009 conference on USENIX Annual technical conference},
	pages={28--28},
	year={2009},
	organization={USENIX Association}
}

@inproceedings{meisner2011power,
	title={Power management of online data-intensive services},
	author={Meisner, David and Sadler, Christopher M and Barroso, Luiz Andr{\'e} and Weber, Wolf-Dietrich and Wenisch, Thomas F},
	booktitle={Computer Architecture (ISCA), 2011 38th Annual International Symposium on},
	pages={319--330},
	year={2011},
	organization={IEEE}
}

@inproceedings{zhang2012dynamic,
	title={Dynamic energy-aware capacity provisioning for cloud computing environments},
	author={Zhang, Qi and Zhani, Mohamed Faten and Zhang, Shuo and Zhu, Quanyan and Boutaba, Raouf and Hellerstein, Joseph L},
	booktitle={Proceedings of the 9th international conference on Autonomic computing},
	pages={145--154},
	year={2012},
	organization={ACM}
}

@inproceedings{xu2012cost,
	title={Cost efficient datacenter selection for cloud services},
	author={Xu, Hong and Li, Baochun},
	booktitle={Communications in China (ICCC), 2012 1st IEEE International Conference on},
	pages={51--56},
	year={2012},
	organization={IEEE}
}

@inproceedings{urgaonkar2011optimal,
	title={Optimal power cost management using stored energy in data centers},
	author={Urgaonkar, Rahul and Urgaonkar, Bhuvan and Neely, Michael J and Sivasubramaniam, Anand},
	booktitle={Proceedings of the ACM SIGMETRICS joint international conference on Measurement and modeling of computer systems},
	pages={221--232},
	year={2011},
	organization={ACM}
}

@inproceedings{liu2012renewable,
	title={Renewable and cooling aware workload management for sustainable data centers},
	author={Liu, Zhenhua and Chen, Yuan and Bash, Cullen and Wierman, Adam and Gmach, Daniel and Wang, Zhikui and Marwah, Manish and Hyser, Chris},
	booktitle={ACM SIGMETRICS Performance Evaluation Review},
	volume={40},
	number={1},
	pages={175--186},
	year={2012},
	organization={ACM}
}

@article{liu2013data,
	title={Data center demand response: Avoiding the coincident peak via workload shifting and local generation},
	author={Liu, Zhenhua and Wierman, Adam and Chen, Yuan and Razon, Benjamin and Chen, Niangjun},
	journal={Performance Evaluation},
	volume={70},
	number={10},
	pages={770--791},
	year={2013},
	publisher={Elsevier}
}

@article{sinden2007characteristics,
	title={Characteristics of the UK wind resource: Long-term patterns and relationship to electricity demand},
	author={Sinden, Graham},
	journal={Energy Policy},
	volume={35},
	number={1},
	pages={112--127},
	year={2007},
	publisher={Elsevier}
}

@inproceedings{nair2014energy,
	title={Energy procurement strategies in the presence of intermittent sources},
	author={Nair, Jayakrishnan and Adlakha, Sachin and Wierman, Adam},
	booktitle={The 2014 ACM international conference on Measurement and modeling of computer systems},
	pages={85--97},
	year={2014},
	organization={ACM}
}
@misc{nrel2010SAM,
	howpublished ="\url{https://sam.nrel.gov/ }",
	year = {2010},
}

@misc{spec,
	howpublished ="\url{http://www.spec.org}",
	year=2008
}

@article{spall1998implementation,
	title={Implementation of the simultaneous perturbation algorithm for stochastic optimization},
	author={Spall, James C},
	journal={Aerospace and Electronic Systems, IEEE Transactions on},
	volume={34},
	number={3},
	pages={817--823},
	year={1998},
	publisher={IEEE}
}

@misc{eia2015,
	howpublished ="\url{http://www.eia.gov/}",
	year = {2015},
}

@article{bertsekas1999nonlinear,
	title={Nonlinear programming},
	author={Bertsekas, Dimitri P},
	year={1999},
	publisher={Athena scientific}
}

@book{fu2015handbook,
	title={Handbook of simulation optimization},
	author={Fu, Michael C},
	year={2015},
	publisher={Springer}
}

@book{Rockafellar70,
  title={Convex analysis},
  author={Rockafellar, Ralph Tyrell},
  year={1970},
  publisher={Princeton university press}
}

@book{Bertsekas03,
  title={Convex analysis and optimization},
  author={Bertsekas, Dimitri P and Nedic, Angelia and Ozdaglar, Asuman},
  year={2003},
  publisher={Athena Scientific}
}

@book{Kushner03,
  title={Stochastic Approximation and Recursive Algorithms and Applications},
  author={Kushner, Harold J and Yin, George},
  year={2003},
  publisher={Springer}
}

@article{corcoran2002modelling,
	title={Modelling Extremal Events for Insurance and Finance},
	author={Corcoran, Jem N},
	journal={Journal of the American Statistical Association},
	volume={97},
	number={457},
	pages={360--360},
	year={2002},
	publisher={Taylor \& Francis}
}

@article{lin2013dynamic,
	title={Dynamic right-sizing for power-proportional data centers},
	author={Lin, Minghong and Wierman, Adam and Andrew, Lachlan LH and Thereska, Eno},
	journal={IEEE/ACM Transactions on Networking (TON)},
	volume={21},
	number={5},
	pages={1378--1391},
	year={2013},
	publisher={IEEE Press}
}

@inproceedings{Beheshti2012PerformanceImpact,
	title={Performance Impact: How Web Speed Affects Online Business {KPIs}},
	author={Hooman Beheshti and Alistair Croll},
	booktitle={Velocity Online Conference},
	year={2009},
	organization={O'Reilly}
}

@misc{ATTNetworkLatency,
	author = "AT\&T",
	title = "{U.S.} Network Latency",
	year = "2016",
	url = "https://ipnetwork.bgtmo.ip.att.net/pws/network_delay.html"
}

@article{liddle2008amazon,
	title={Amazon found every 100ms of latency cost them 1\% in sales},
	author={Liddle, Jim},
	journal={The GigaSpaces},
	volume={27},
	year={2008}
}

@misc{Darrow2015WhoaAmazonSales,
	author = "Barb Darrow",
	title = "Whoa: Amazon cloud sales up nearly 82\% in second quarter",
	year = "2015",
	url = "http://fortune.com/2015/07/23/whoa-amazon-cloud-sales-up-nearly-82-in-second-quarter/"
}

@misc{wmoLongTermForecasting,
	author = "World Meteorological Organization",
	title = "Long Range Forecasting",
	note = "[Online; accessed 16-May-2016]",
	howpublished ="\url{https://www.wmo.int}",
	year = "2006"
}

@article{nowotarski2013robust,
	title={Robust estimation and forecasting of the long-term seasonal component of electricity spot prices},
	author={Nowotarski, Jakub and Tomczyk, Jakub and Weron, Rafa{\l}},
	journal={Energy Economics},
	volume={39},
	pages={13--27},
	year={2013},
	publisher={Elsevier}
}

@article{hyndman2010density,
	title={Density forecasting for long-term peak electricity demand},
	author={Hyndman, Rob J and Fan, Shu},
	journal={Power Systems, IEEE Transactions on},
	volume={25},
	number={2},
	pages={1142--1153},
	year={2010},
	publisher={IEEE}
}

@misc{AWSServers,
	author = "Timothy Prickett Morgan",
	title = "A Rare Peek Into The Massive Scale of AWS",
	note = "[Online; accessed 16-May-2016]",
	howpublished ="\url{http://www.enterprisetech.com/2014/11/14/rare-peek-massive-scale-aws/}",
	year ="2014"
}

@misc{deoras2010MatLabForecast,
	author = "Ameya Deoras",
	title = "Electricity Load and Price Forecasting with MATLAB",
	year = "2010",
	url = "http://www.mathworks.com/videos/electricity-load-and-price-forecasting-with-matlab-81765.html",
	note = "[Online; accessed 25-April-2015]",
}

@inproceedings{palasamudram2012using,
  title={Using batteries to reduce the power costs of internet-scale distributed networks},
  author={Palasamudram, Darshan S and Sitaraman, Ramesh K and Urgaonkar, Bhuvan and Urgaonkar, Rahul},
  booktitle={Proceedings of the Third ACM Symposium on Cloud Computing},
  pages={11},
  year={2012},
  organization={ACM}
}



@article{chang2011libsvm,
	title={{LIBSVM}: a library for support vector machines},
	author={Chang, Chih-Chung and Lin, Chih-Jen},
	journal={ACM Transactions on Intelligent Systems and Technology (TIST)},
	volume={2},
	number={3},
	pages={27},
	year={2011},
	publisher={ACM}
}

@inproceedings{palasamudram2012using,
	title={Using batteries to reduce the power costs of internet-scale distributed networks},
	author={Palasamudram, Darshan S and Sitaraman, Ramesh K and Urgaonkar, Bhuvan and Urgaonkar, Rahul},
	booktitle={Proceedings of the Third ACM Symposium on Cloud Computing},
	pages={11},
	year={2012},
	organization={ACM}
}

@inproceedings{chen2012green,
	title={Green-aware workload scheduling in geographically distributed data centers},
	author={Chen, Changbing and He, Bingsheng and Tang, Xueyan},
	booktitle={Cloud Computing Technology and Science (CloudCom), 2012 IEEE 4th International Conference on},
	pages={82--89},
	year={2012},
	organization={IEEE}
}

@article{gupta2016cool,
	title={How to Cool Internet-Scale Distributed Networks on the Cheap},
	author={Gupta, Vani and Lee, Stephen and Urgaonkar, Rahul and Shenoy, Prashant and Sitaraman, Ramesh K},
	booktitle={Proceedings of the 2016 ACM Sixth International Conference on Future Energy Systems},
	year={2016},
	organization={ACM}
}

@misc{le2017GreenMetricsReport,
	AUTHOR =        {Tan N. Le and Jie Liang and Zhenhua Liu and Ramesh K. Sitaraman and Jayakrishnan Nair and Bong Jun Choi},
	TITLE =         {Optimal Energy Procurement for Geo-distributed Data Centers in Multi-timescale Markets},
	MONTH =         {March},
	YEAR  =         {2017},
	howpublished ="\url{https://goo.gl/7OUB9h}"
}

@article{ghamkhari2016energy,
	title={Energy Portfolio Optimization of Data Centers},
	author={Ghamkhari, Mahdi and Wierman, Adam and Mohsenian-Rad, Hamed},
	journal={IEEE Transactions on Smart Grid},
	year={2016},
	publisher={IEEE}
}